2064 3706
1614 247 1688 307 67

65 389 282 442 simulac
312 390 499 440 foveas
535 388 796 442 formant,
833 401 960 452 quae
991 386 1051 437 ad
1086 399 1247 436 cornu
1281 386 1489 435 secundi
1527 387 1688 436 tertii-

62 490 161 541 que
194 475 269 539 (S.
308 489 452 523 arcus
485 472 792 523 branchialis
826 473 975 539 primi
1007 478 1158 537 atque
1190 470 1420 528 secundi)
1455 470 1688 520 articula-

57 559 257 608 tionem
290 558 596 608 inserviunt.

164 642 281 694 Pars
316 658 465 692 ossea
499 643 732 708 corporis
776 639 991 705 hyoidei
1026 638 1233 696 ultima,
1269 640 1355 703 qui
1387 639 1517 688 ossis
1552 646 1688 706 prio-

58 728 128 776 ris
178 742 481 791 processum
534 727 910 793 posteriorem,
964 737 1116 787 quem
1178 723 1492 782 memoravi,
1552 724 1685 783 fert,

57 810 350 876 cartilagini
415 810 758 877 permanenti,
821 823 950 872 quae
1006 806 1241 870 corporis
1310 804 1524 873 hyoidei
1571 809 1688 858 finis

59 905 164 954 est,
199 894 448 960 jungitur.
484 922 546 931 —
611 896 775 945 Arcus
819 889 1125 942 branchialis
1160 889 1340 936 tertius
1389 899 1442 941 et
1477 901 1686 956 quartus

55 979 324 1027 tuberculo
374 978 630 1028 articulari
685 977 780 1025 hac
814 993 840 1024 a
875 971 1165 1038 cartilagini
1218 973 1490 1036 recipitur,
1537 978 1687 1040 eique

63 1078 182 1112 ossa
216 1065 369 1112 etiam
405 1062 703 1128 pharyngea
737 1060 978 1110 inferiora
1014 1057 1295 1108 inhaerent.
1330 1084 1391 1094 ·-

214 1170 261 1224 b.
282 1187 325 1219 c.
368 1169 435 1218 Os
451 1165 654 1235 hyoides
675 1169 726 1216 in
747 1172 951 1230 utroque
972 1164 1124 1213 latere
1142 1177 1324 1212 cornua
1338 1177 1429 1212 sex
1439 1173 1626 1228 portat.
1643 1174 1689 1230 ¹)

151 1254 301 1315 Quae
332 1255 499 1318 prima
531 1258 645 1301 sunt
687 1260 841 1316 atque
870 1249 1097 1297 maxima
1128 1248 1292 1296 tribus
1324 1249 1543 1312 singulis
1576 1267 1690 1318 par-

59 1340 197 1389 tibus
224 1342 628 1401 componuntur,
663 1351 876 1401 quarum
915 1334 1074 1400 prima
1100 1332 1194 1388 iiS‚
1230 1331 1292 1380 de
1322 1332 1506 1396 quibus
1538 1351 1691 1402 supra

56 1424 198 1483 dixi,
251 1422 455 1471 ossibus
480 1421 685 1471 duobus
723 1418 959 1486 corporis
994 1414 1210 1482 hyoidei
1241 1414 1533 1465 lateralibus
1568 1421 1692 1470 arti·

52 1506 315 1558 culatione
349 1505 631 1569 conjuncta
655 1512 734 1555 est
769 1513 922 1568 atque
960 1501 1132 1551 calicis
1171 1501 1435 1566 depressae
1469 1499 1690 1553 formam

50 1592 264 1648 similat,
306 1621 358 1628 —
426 1590 711 1653 Marginem
751 1587 863 1655 ejus
907 1585 1254 1652 posteriorem
1296 1599 1406 1649 pars
1446 1587 1686 1646 secunda,

49 1676 250 1725 mitram
288 1676 486 1741 planam
518 1687 755 1737 aequans,
789 1677 952 1720 strato
978 1667 1313 1731 cartilagineo
1341 1669 1688 1722 intercedente

45 1761 284 1824 adtingit.
303 1785 358 1796 -
391 1754 563 1820 Hujus
586 1755 839 1805 cacumini
856 1769 968 1819 pars
981 1754 1129 1802 tertia
1145 1750 1468 1801 claviformis
1489 1754 1692 1807 insidet.

135 1843 313 1893 Cornu
336 1842 442 1892 hoc
460 1848 633 1891 totum
666 1841 859 1905 pariete
893 1854 986 1887 sua
1014 1843 1227 1887 externa
1257 1838 1317 1886 ad
1345 1837 1690 1890 mandibulam

54 1934 252 1994 spectat
298 1927 507 1992 ossique
531 1923 778 1989 quadrato
812 1930 965 1988 atque
987 1922 1370 1985 interoperculo
1395 1922 1692 1986 ligamentis

46 2019 189 2062 arcte
216 2011 467 2060 adhaeret.
489 2036 548 2046 —
567 2008 651 2058 Ad
682 2008 970 2072 marginem
998 2003 1153 2070 hujus
1185 2021 1349 2055 cornu
1388 2006 1690 2057 inferiorern

49 2096 206 2154 radii,
254 2097 343 2162 qui
379 2094 723 2143 membranam
761 2090 1204 2153 branchiostegam
1237 2098 1556 2146 sustentant,
1601 2108 1689 2141 or-

51 2180 211 2232 dinati
244 2187 297 2230 et
327 2182 380 2229 in
408 2184 664 2244 periosteo
693 2176 914 2226 mobiles
935 2174 1123 2225 muniti
1155 2181 1293 2224 sunt.
1360 2175 1443 2225 llli
1470 2191 1688 2225 numero

45 2265 276 2315 maxime
298 2265 504 2314 variant
525 2268 608 2322 2>3
643 2277 762 2311 nam
798 2276 947 2324 saepe
973 2266 1197 2325 utroque
1229 2259 1284 2306 in
1305 2259 1462 2310 latere
1489 2258 1686 2321 decem,

48 2362 229 2414 saepe,
266 2348 470 2414 hocque
489 2347 835 2414 frequentiuS,
868 2344 1139 2401 undecim,
1188 2358 1339 2406 saepe
1376 2343 1648 2393 duodecim
1670 2380 1685 2405 ‚

49 2433 359 2501 quandoque
382 2433 512 2483 adeo
537 2448 647 2485 uno
682 2433 735 2483 in
757 2432 916 2481 latere
938 2429 1131 2487 decem,
1155 2427 1686 2494 alteroque-undecim

123 2683 178 2746 1)
212 2689 357 2746 Hujus
407 2690 652 2744 argumenti
698 2684 1069 2733 confirmationem
1119 2691 1322 2739 transm,
1382 2684 1581 2739 qnamvis
1628 2699 1685 2729 ex

209 2775 428 2818 anatomia
484 2784 727 2833 comparata
776 2772 999 2822 aliorum,
1056 2783 1164 2826 quae
1212 2777 1314 2812 sunt
1364 2770 1683 2824 organisatione

205 2859 401 2910 minora,
442 2860 694 2904 animalium
723 2872 822 2902 eum
856 2856 1065 2912 probare,
1103 2852 1212 2898 nihil
1239 2853 1414 2896 facilius
1456 2868 1605 2906 esset3
1641 2867 1682 2899 et

210 2953 450 2989 structurae
505 2954 670 2988 tantum
712 2942 897 2993 similis,
951 2955 1079 2998 quam
1116 2940 1228 2996 apud
1272 2941 1500 2985 Tritonum
1541 2943 1682 2985 larva-

212 3042 310 3072 rum
336 3039 462 3084 atque
493 3028 776 3073 Uromasticis
806 3036 856 3070 os
887 3026 1121 3083 hyoideum
1156 3025 1420 3081 reperimus,
1447 3018 1676 3068 admoneo.

116 3107 172 3167 2)
207 3111 389 3170 ldesque
435 3126 582 3155 eorum
629 3126 835 3159 numerus
880 3114 931 3156 ad
970 3110 1134 3168 piscum
1170 3109 1434 3155 chataterem
1470 3109 1678 3155 definiew

215 3197 317 3241 dum
353 3195 459 3241 nihil
495 3196 668 3253 profert.
