2064 3706
1629 277 1708 338 37

76 422 189 463 tum
218 419 325 474 est,
358 411 578 478 ideoque
601 426 784 464 eorum
811 415 1060 465 cavitates
1090 415 1393 474 cohaerent3
1430 432 1533 482 quo
1564 436 1713 469 cana-

77 497 142 546 lis
175 513 262 563 per
294 496 492 562 spinam
530 498 883 548 vertebrarum
916 515 1047 565 pene
1087 507 1252 549 totam
1288 501 1571 565 procedens
1605 504 1710 552 ori-

76 588 193 638 tur,
229 580 459 645 exceptis
491 581 554 630 iis
588 598 716 648 quae
749 590 972 646 quatuor
1011 589 1134 631 sunt
1167 584 1380 634 ultimae
1422 591 1487 644 ¹).

172 661 267 711 Per
286 669 462 716 totum
492 664 640 714 illum
670 666 915 721 canalem,
951 665 1168 729 ideoque
1189 681 1280 730 per
1305 670 1554 733 capsulas,
1581 684 1710 735 quae

75 747 330 796 cavitates
378 748 622 815 implent,
678 749 824 799 filum
863 749 1248 814 cartilagineum
1300 759 1453 817 atque
1503 753 1712 803 firmum

72 831 430 892 continuatur,
463 834 606 898 quod
638 834 895 885 vertebras
928 834 1115 883 arctius
1151 834 1283 884 inter
1315 853 1372 887 se
1404 837 1710 904 conjunctas

73 914 253 964 reddit.

165 998 444 1052 Processus
477 1001 673 1069 obliqui
709 1015 968 1065 nunquam
1002 1015 1116 1051 sese
1138 1003 1458 1070 contingunt
1487 1005 1709 1070 ideoque

74 1081 134 1130 ad
173 1084 577 1137 confirmandam
617 1085 969 1135 vertebrarum
1018 1085 1319 1136 columnam
1378 1103 1555 1154 parum
1590 1104 1712 1155 pro-

70 1166 212 1215 dunt.
243 1197 304 1207 —

167 1249 486 1303 formationi
503 1255 852 1305 vertebrarum
872 1253 1116 1321 peculiari
1136 1257 1362 1305 maxime
1387 1258 1713 1307 conveniens

73 1349 131 1383 ea
165 1342 245 1385 est
291 1337 523 1398 divisio,
575 1337 636 1388 ad
672 1352 823 1403 quam
874 1341 1165 1390 secundum
1210 1340 1388 1391 sceleti
1443 1341 1715 1408 regionem

70 1417 463 1485 distinguuntur

140 1522 199 1575 V
190 1525 412 1578 ertebrae
436 1529 561 1589 colli,
599 1530 853 1580 vertebrae
881 1535 1091 1578 costam
1117 1534 1163 1577 et
1178 1527 1430 1578 vertebrae
1453 1531 1647 1582 caudae.

166 1672 529 1726 Vertebrarum
577 1690 823 1727 numerus
872 1677 1087 1727 minime
1133 1677 1230 1726 sibi
1279 1683 1520 1736 constat,
1570 1680 1709 1743 quod

67 1756 350 1807 crebriores
399 1760 578 1810 multis
615 1762 669 1811 in
695 1759 998 1813 Farionibus
1045 1761 1292 1827 repetitae
1323 1762 1712 1812 numerationes

66 1857 150 1892 me
184 1842 516 1903 docuerunt3
577 1846 633 1894 in
669 1845 952 1910 majoribus
984 1861 1118 1896 vero
1167 1861 1489 1912 nequaquam
1540 1847 1714 1912 plnres

66 1929 388 1994 reperiuntur
411 1963 426 1983 ‚
493 1942 647 1992 quam
695 1929 751 1979 in
802 1931 1091 1980 minoribus
1146 1931 1410 1994 piscibus;
1478 1931 1599 1981 ideo
1653 1939 1713 1981 ut

64 2025 342 2061 numerum
375 2013 728 2065 vertebrarum
757 2016 1007 2079 majorem
1038 2014 1099 2064 ab
1118 2013 1324 2078 origine
1347 2015 1501 2081 piscis
1527 2015 1710 2066 deduci

72 2111 240 2163 neque
272 2103 437 2147 aetate
470 2105 720 2163 provecta
754 2101 931 2162 augeri
966 2099 1176 2149 videtur
1213 2103 1283 2157 ἦ).

152 2179 365 2230 Plurimi
391 2197 601 2237 eorum,
636 2197 768 2249 quos
801 2184 1163 2247 investigavi,
1205 2182 1514 2242 Farionum,
1550 2185 1711 2250 quin-

68 2265 318 2330 quaginta
354 2282 554 2317 novem
589 2274 864 2317 numerant
893 2270 1157 2318 vertebras
1197 2270 1251 2332 3)
1289 2277 1343 2319 et
1379 2285 1452 2319 ex
1480 2270 1545 2318 iis
1580 2269 1711 2318 duae

69 2348 233 2409 coIIO,
267 2349 479 2415 triginta
500 2349 632 2401 duae
655 2367 745 2402 seu
765 2360 870 2401 tres
893 2354 1075 2414 costiS,
1103 2362 1255 2422 atque
1271 2355 1466 2421 viginti
1489 2361 1711 2422 quinque

68 2447 161 2484 seu
196 2442 419 2499 quatuor
453 2436 643 2487 caudae
676 2436 873 2487 dicatae
904 2447 1041 2488 sunt.
1076 2466 1136 2477 ·-—

137 2671 189 2728 1)
232 2674 452 2721 For-matio
492 2674 593 2717 haec
627 2676 667 2718 ei
696 2677 1041 2736 adpropinguat,
1081 2693 1191 2737 quae
1229 2681 1273 2722 in
1303 2677 1709 2735 Petromyzontibus

225 2759 464 2816 reperitur.
507 2771 689 2814 quorum
726 2763 852 2819 spina
889 2765 1148 2809 vertebralis
1192 2764 1393 2821 cylindro
1431 2763 1710 2818 cartilagineo

224 2853 351 2900 atque
385 2857 519 2895 cam,
562 2860 650 2890 non
673 2849 900 2893 articulato
922 2882 936 2901 ,
999 2848 1240 2894 substantia
1274 2863 1378 2893 vero
1401 2845 1599 2906 pultare&
1627 2848 1709 2891 in}²²

227 2930 344 2984 pieto
379 2928 579 2979 efficitur,

134 3017 190 3067 2)
227 3015 301 3060 Ad
334 3012 626 3069 experimenta
664 3016 741 3058 hoc
781 3019 987 3062 tentantia
1040 3018 1148 3062 mihi
1182 3032 1267 3061 nou
1307 3025 1398 3060 erat
1427 3027 1610 3071 tempus.

137 3101 191 3153 3)
226 3098 443 3154 Lacepede
495 3100 524 3144 ἰ.
552 3112 587 3144 e.
625 3101 676 3146 T.
705 3103 758 3147 V.
809 3116 854 3158 p.
882 3104 986 3151 191.
1032 3116 1180 3149 earum
1208 3101 1429 3156 sexaginta
1465 3110 1709 3145 constantes

231 3190 442 3225 numerat,
