<?xml version="1.0" encoding="UTF-8"?>
<!DOCTYPE html PUBLIC "-//W3C//DTD XHTML 1.0 Transitional//EN"
    "http://www.w3.org/TR/xhtml1/DTD/xhtml1-transitional.dtd">
<html xmlns="http://www.w3.org/1999/xhtml" xml:lang="en" lang="en">
 <head>
  <title>
</title>
<meta http-equiv="Content-Type" content="text/html;charset=utf-8" />
  <meta name='ocr-system' content='tesseract 3.04.00' />
  <meta name='ocr-capabilities' content='ocr_page ocr_carea ocr_par ocr_line ocrx_word'/>
</head>
<body>
  <div class='ocr_page' id='page_1' title='image "./quaedamdehistori00z_0060.png"; bbox 0 0 2064 3706; ppageno 0'>
   <div class='ocr_carea' id='block_1_1' title="bbox 414 296 490 354">
    <p class='ocr_par' dir='ltr' id='par_1_1' title="bbox 414 296 490 354">
     <span class='ocr_line' id='line_1_1' title="bbox 414 296 490 354; baseline 0.013 -1"><span class='ocrx_word' id='word_1_1' title='bbox 414 296 490 354; x_wconf 56' lang='lat'>46</span> 
     </span>
    </p>
   </div>
   <div class='ocr_carea' id='block_1_2' title="bbox 395 425 2050 2605">
    <p class='ocr_par' dir='ltr' id='par_1_2' title="bbox 405 425 2046 1080">
     <span class='ocr_line' id='line_1_2' title="bbox 412 425 2040 509; baseline 0.002 -20"><span class='ocrx_word' id='word_1_2' title='bbox 412 440 458 490; x_wconf 87' lang='lat' dir='ltr'>A</span> <span class='ocrx_word' id='word_1_3' title='bbox 488 438 656 494; x_wconf 57' lang='lat' dir='ltr'>,latere</span> <span class='ocrx_word' id='word_1_4' title='bbox 704 435 960 485; x_wconf 87' lang='lat' dir='ltr'>anteriore</span> <span class='ocrx_word' id='word_1_5' title='bbox 999 445 1049 488; x_wconf 87' lang='lat' dir='ltr'>et</span> <span class='ocrx_word' id='word_1_6' title='bbox 1079 439 1369 504; x_wconf 85' lang='lat' dir='ltr'>posteriore</span> <span class='ocrx_word' id='word_1_7' title='bbox 1405 438 1639 490; x_wconf 81' lang='lat' dir='ltr'>dilatatae</span> <span class='ocrx_word' id='word_1_8' title='bbox 1668 425 1822 502; x_wconf 33' lang='lat' dir='ltr'>sun&#39;t3</span> <span class='ocrx_word' id='word_1_9' title='bbox 1861 455 2040 509; x_wconf 81' lang='lat' dir='ltr'>margo</span> 
     </span>
     <span class='ocr_line' id='line_1_3' title="bbox 413 521 2044 587; baseline 0.002 -14"><span class='ocrx_word' id='word_1_10' title='bbox 413 530 590 573; x_wconf 87' lang='lat' dir='ltr'>autem</span> <span class='ocrx_word' id='word_1_11' title='bbox 640 528 852 570; x_wconf 83' lang='lat' dir='ltr'>externa</span> <span class='ocrx_word' id='word_1_12' title='bbox 893 521 1090 571; x_wconf 71' lang='lat' dir='ltr'>interna</span> <span class='ocrx_word' id='word_1_13' title='bbox 1108 523 1328 570; x_wconf 83' lang='lat' dir='ltr'>crassior</span> <span class='ocrx_word' id='word_1_14' title='bbox 1363 529 1472 581; x_wconf 87' lang='lat' dir='ltr'>est,</span> <span class='ocrx_word' id='word_1_15' title='bbox 1527 534 1631 587; x_wconf 87' lang='lat' dir='ltr'>quo</span> <span class='ocrx_word' id='word_1_16' title='bbox 1665 525 1725 576; x_wconf 90' lang='lat' dir='ltr'>fit</span> <span class='ocrx_word' id='word_1_17' title='bbox 1771 534 1829 575; x_wconf 90' lang='lat' dir='ltr'>ut</span> <span class='ocrx_word' id='word_1_18' title='bbox 1868 543 2044 577; x_wconf 85' lang='lat' dir='ltr'>earum</span> 
     </span>
     <span class='ocr_line' id='line_1_4' title="bbox 407 603 2044 676; baseline 0.003 -21"><span class='ocrx_word' id='word_1_19' title='bbox 407 607 620 671; x_wconf 85' lang='lat' dir='ltr'>parietes</span> <span class='ocrx_word' id='word_1_20' title='bbox 653 603 921 668; x_wconf 78' lang='lat' dir='ltr'><strong>depressae</strong></span> <span class='ocrx_word' id='word_1_21' title='bbox 955 604 1240 671; x_wconf 87' lang='lat' dir='ltr'>adpareant.</span> <span class='ocrx_word' id='word_1_22' title='bbox 1306 605 1621 657; x_wconf 78' lang='lat' dir='ltr'>Extremitas</span> <span class='ocrx_word' id='word_1_23' title='bbox 1666 625 1841 659; x_wconf 86' lang='lat' dir='ltr'>earum</span> <span class='ocrx_word' id='word_1_24' title='bbox 1892 627 2044 676; x_wconf 89' lang='lat' dir='ltr'>supe-</span> 
     </span>
     <span class='ocr_line' id='line_1_5' title="bbox 407 687 2040 755; baseline 0.004 -17"><span class='ocrx_word' id='word_1_25' title='bbox 407 691 513 739; x_wconf 86' lang='lat' dir='ltr'>rior</span> <span class='ocrx_word' id='word_1_26' title='bbox 550 687 703 738; x_wconf 61' lang='lat' dir='ltr'>crista</span> <span class='ocrx_word' id='word_1_27' title='bbox 743 688 1063 748; x_wconf 70' lang='lat' dir='ltr'>transversa,</span> <span class='ocrx_word' id='word_1_28' title='bbox 1113 689 1410 755; x_wconf 82' lang='lat' dir='ltr'>cartilagine</span> <span class='ocrx_word' id='word_1_29' title='bbox 1460 691 1693 751; x_wconf 70' lang='lat' dir='ltr'>inducta,</span> <span class='ocrx_word' id='word_1_30' title='bbox 1754 694 2040 753; x_wconf 81' lang='lat' dir='ltr'>formatur,</span> 
     </span>
     <span class='ocr_line' id='line_1_6' title="bbox 406 771 2046 843; baseline 0.002 -22"><span class='ocrx_word' id='word_1_31' title='bbox 406 789 538 839; x_wconf 88' lang='lat' dir='ltr'>quae</span> <span class='ocrx_word' id='word_1_32' title='bbox 563 771 776 840; x_wconf 84' lang='lat' dir='ltr'>capituli</span> <span class='ocrx_word' id='word_1_33' title='bbox 818 774 1029 822; x_wconf 82' lang='lat' dir='ltr'>costalis</span> <span class='ocrx_word' id='word_1_34' title='bbox 1066 773 1249 822; x_wconf 87' lang='lat' dir='ltr'>rimam</span> <span class='ocrx_word' id='word_1_35' title='bbox 1271 775 1670 840; x_wconf 80' lang='lat' dir='ltr'>respondentem</span> <span class='ocrx_word' id='word_1_36' title='bbox 1700 778 1855 826; x_wconf 80' lang='lat' dir='ltr'>intrat</span> <span class='ocrx_word' id='word_1_37' title='bbox 1883 811 1897 836; x_wconf 84' lang='lat'><strong><em>,</em></strong></span> <span class='ocrx_word' id='word_1_38' title='bbox 1939 793 2046 843; x_wconf 82' lang='lat' dir='ltr'>quo</span> 
     </span>
     <span class='ocr_line' id='line_1_7' title="bbox 405 855 2042 927; baseline 0.002 -21"><span class='ocrx_word' id='word_1_39' title='bbox 405 855 691 923; x_wconf 81' lang='lat' dir='ltr'>adjuvante</span> <span class='ocrx_word' id='word_1_40' title='bbox 730 864 876 905; x_wconf 89' lang='lat' dir='ltr'>costa</span> <span class='ocrx_word' id='word_1_41' title='bbox 917 873 1036 906; x_wconf 91' lang='lat' dir='ltr'>cum</span> <span class='ocrx_word' id='word_1_42' title='bbox 1072 857 1310 907; x_wconf 83' lang='lat' dir='ltr'>vertebra</span> <span class='ocrx_word' id='word_1_43' title='bbox 1354 859 1638 921; x_wconf 86' lang='lat' dir='ltr'>conjuncta</span> <span class='ocrx_word' id='word_1_44' title='bbox 1682 868 1774 913; x_wconf 84' lang='lat' dir='ltr'>est.</span> <span class='ocrx_word' id='word_1_45' title='bbox 1843 861 2042 927; x_wconf 84' lang='lat' dir='ltr'>Corpus</span> 
     </span>
     <span class='ocr_line' id='line_1_8' title="bbox 405 931 2042 1009; baseline 0.003 -19"><span class='ocrx_word' id='word_1_46' title='bbox 405 949 674 991; x_wconf 85' lang='lat' dir='ltr'>costarum</span> <span class='ocrx_word' id='word_1_47' title='bbox 723 931 907 991; x_wconf 87' lang='lat' dir='ltr'>deinde</span> <span class='ocrx_word' id='word_1_48' title='bbox 947 942 1009 992; x_wconf 90' lang='lat' dir='ltr'>ad</span> <span class='ocrx_word' id='word_1_49' title='bbox 1052 941 1297 991; x_wconf 78' lang='lat' dir='ltr'>inferiora</span> <span class='ocrx_word' id='word_1_50' title='bbox 1340 943 1729 1009; x_wconf 83' lang='lat' dir='ltr'>posterioraque</span> <span class='ocrx_word' id='word_1_51' title='bbox 1771 939 2042 1008; x_wconf 87' lang='lat' dir='ltr'>obliquum</span> 
     </span>
     <span class='ocr_line' id='line_1_9' title="bbox 408 1023 772 1080; baseline 0 -6"><span class='ocrx_word' id='word_1_52' title='bbox 408 1023 687 1080; x_wconf 83' lang='lat' dir='ltr'>descendit.</span> <span class='ocrx_word' id='word_1_53' title='bbox 716 1054 772 1061; x_wconf 92' lang='lat'>—-</span> 
     </span>
    </p>

    <p class='ocr_par' dir='ltr' id='par_1_3' title="bbox 402 1109 2045 1331">
     <span class='ocr_line' id='line_1_10' title="bbox 500 1109 2045 1174; baseline 0.004 -17"><span class='ocrx_word' id='word_1_54' title='bbox 500 1109 689 1169; x_wconf 83' lang='lat' dir='ltr'>Quoad</span> <span class='ocrx_word' id='word_1_55' title='bbox 728 1110 1134 1174; x_wconf 81' lang='lat' dir='ltr'>magnitudinem</span> <span class='ocrx_word' id='word_1_56' title='bbox 1161 1110 1314 1159; x_wconf 90' lang='lat' dir='ltr'>medii</span> <span class='ocrx_word' id='word_1_57' title='bbox 1344 1111 1561 1159; x_wconf 81' lang='lat' dir='ltr'>maximi</span> <span class='ocrx_word' id='word_1_58' title='bbox 1585 1147 1598 1170; x_wconf 90' lang='lat'><strong><em>‚</em></strong></span> <span class='ocrx_word' id='word_1_59' title='bbox 1643 1113 1922 1162; x_wconf 86' lang='lat' dir='ltr'>anteriores</span> <span class='ocrx_word' id='word_1_60' title='bbox 1949 1115 2045 1163; x_wconf 90' lang='lat' dir='ltr'>mi-</span> 
     </span>
     <span class='ocr_line' id='line_1_11' title="bbox 402 1192 2044 1257; baseline 0.004 -15"><span class='ocrx_word' id='word_1_61' title='bbox 402 1192 531 1242; x_wconf 87' lang='lat' dir='ltr'>nimi</span> <span class='ocrx_word' id='word_1_62' title='bbox 572 1200 724 1257; x_wconf 88' lang='lat' dir='ltr'>atque</span> <span class='ocrx_word' id='word_1_63' title='bbox 758 1202 935 1243; x_wconf 87' lang='lat' dir='ltr'>tenues</span> <span class='ocrx_word' id='word_1_64' title='bbox 963 1200 1124 1252; x_wconf 80' lang='lat' dir='ltr'>sunt3</span> <span class='ocrx_word' id='word_1_65' title='bbox 1160 1195 1433 1244; x_wconf 83' lang='lat' dir='ltr'>ulteriores</span> <span class='ocrx_word' id='word_1_66' title='bbox 1467 1210 1600 1244; x_wconf 85' lang='lat' dir='ltr'>vero</span> <span class='ocrx_word' id='word_1_67' title='bbox 1632 1196 1955 1256; x_wconf 88' lang='lat' dir='ltr'>decrescunt,</span> <span class='ocrx_word' id='word_1_68' title='bbox 1997 1204 2044 1257; x_wconf 88' lang='lat'>¹)</span> 
     </span>
     <span class='ocr_line' id='line_1_12' title="bbox 404 1276 1575 1331; baseline 0.009 -9"><span class='ocrx_word' id='word_1_69' title='bbox 404 1283 465 1323; x_wconf 87' lang='lat' dir='ltr'>ut</span> <span class='ocrx_word' id='word_1_70' title='bbox 499 1282 762 1331; x_wconf 79' lang='lat' dir='ltr'>transeant</span> <span class='ocrx_word' id='word_1_71' title='bbox 787 1279 873 1327; x_wconf 84' lang='lat' dir='ltr'>ad:</span> <span class='ocrx_word' id='word_1_72' title='bbox 1572 1276 1575 1281; x_wconf 53' lang='grc'><strong>”</strong></span> 
     </span>
    </p>

    <p class='ocr_par' dir='ltr' id='par_1_4' title="bbox 398 1359 2050 2100">
     <span class='ocr_line' id='line_1_13' title="bbox 503 1359 2041 1424; baseline 0.005 -15"><span class='ocrx_word' id='word_1_73' title='bbox 503 1359 678 1409; x_wconf 75' lang='lat' dir='ltr'>Cosms</span> <span class='ocrx_word' id='word_1_74' title='bbox 714 1362 1033 1424; x_wconf 71' lang='lat' dir='ltr'>posteriores,</span> <span class='ocrx_word' id='word_1_75' title='bbox 1103 1361 1301 1411; x_wconf 83' lang='lat' dir='ltr'>Priores</span> <span class='ocrx_word' id='word_1_76' title='bbox 1334 1363 1514 1413; x_wconf 85' lang='lat' dir='ltr'>harum</span> <span class='ocrx_word' id='word_1_77' title='bbox 1546 1365 1887 1415; x_wconf 79' lang='lat' dir='ltr'>solummodo</span> <span class='ocrx_word' id='word_1_78' title='bbox 1925 1379 2041 1416; x_wconf 74' lang='lat' dir='ltr'>cur⁴</span> 
     </span>
     <span class='ocr_line' id='line_1_14' title="bbox 404 1442 2044 1519; baseline 0.004 -27"><span class='ocrx_word' id='word_1_79' title='bbox 404 1449 584 1503; x_wconf 70' lang='lat' dir='ltr'>witae,</span> <span class='ocrx_word' id='word_1_80' title='bbox 654 1442 906 1509; x_wconf 83' lang='lat' dir='ltr'>plurimae</span> <span class='ocrx_word' id='word_1_81' title='bbox 958 1460 1093 1495; x_wconf 82' lang='lat' dir='ltr'>vero</span> <span class='ocrx_word' id='word_1_82' title='bbox 1124 1444 1391 1511; x_wconf 84' lang='lat' dir='ltr'>paululum</span> <span class='ocrx_word' id='word_1_83' title='bbox 1427 1447 1653 1497; x_wconf 83' lang='lat' dir='ltr'>inflexae</span> <span class='ocrx_word' id='word_1_84' title='bbox 1693 1456 1829 1502; x_wconf 86' lang='lat' dir='ltr'>sunt.</span> <span class='ocrx_word' id='word_1_85' title='bbox 1907 1447 2044 1519; x_wconf 12' lang='lat' dir='ltr'>*Cor-</span> 
     </span>
     <span class='ocr_line' id='line_1_15' title="bbox 405 1530 2046 1598; baseline 0.005 -24"><span class='ocrx_word' id='word_1_86' title='bbox 405 1538 502 1592; x_wconf 88' lang='lat' dir='ltr'>pus</span> <span class='ocrx_word' id='word_1_87' title='bbox 534 1543 705 1577; x_wconf 89' lang='lat' dir='ltr'>earum</span> <span class='ocrx_word' id='word_1_88' title='bbox 744 1547 876 1595; x_wconf 89' lang='lat' dir='ltr'>pene</span> <span class='ocrx_word' id='word_1_89' title='bbox 913 1531 1198 1579; x_wconf 85' lang='lat' dir='ltr'>rotundum</span> <span class='ocrx_word' id='word_1_90' title='bbox 1226 1535 1329 1590; x_wconf 82' lang='lat' dir='ltr'>est,</span> <span class='ocrx_word' id='word_1_91' title='bbox 1383 1537 1536 1596; x_wconf 86' lang='lat' dir='ltr'>atque</span> <span class='ocrx_word' id='word_1_92' title='bbox 1574 1532 1852 1597; x_wconf 84' lang='lat' dir='ltr'>longitudo</span> <span class='ocrx_word' id='word_1_93' title='bbox 1884 1550 1912 1582; x_wconf 88' lang='lat' dir='ltr'>a</span> <span class='ocrx_word' id='word_1_94' title='bbox 1943 1530 2046 1598; x_wconf 89' lang='lat' dir='ltr'>pri-</span> 
     </span>
     <span class='ocr_line' id='line_1_16' title="bbox 406 1611 2046 1679; baseline 0.004 -19"><span class='ocrx_word' id='word_1_95' title='bbox 406 1613 586 1661; x_wconf 84' lang='lat' dir='ltr'>oribus</span> <span class='ocrx_word' id='word_1_96' title='bbox 638 1614 696 1660; x_wconf 89' lang='lat' dir='ltr'>ad</span> <span class='ocrx_word' id='word_1_97' title='bbox 728 1616 1044 1679; x_wconf 85' lang='lat' dir='ltr'>posteriores</span> <span class='ocrx_word' id='word_1_98' title='bbox 1078 1629 1278 1679; x_wconf 83' lang='lat' dir='ltr'>semper</span> <span class='ocrx_word' id='word_1_99' title='bbox 1320 1616 1592 1666; x_wconf 88' lang='lat' dir='ltr'>minuitur.</span> <span class='ocrx_word' id='word_1_100' title='bbox 1626 1645 1678 1653; x_wconf 91' lang='lat'>-—</span> <span class='ocrx_word' id='word_1_101' title='bbox 1768 1611 2046 1667; x_wconf 84' lang='lat' dir='ltr'>Cacumine</span> 
     </span>
     <span class='ocr_line' id='line_1_17' title="bbox 400 1696 2046 1765; baseline 0.003 -22"><span class='ocrx_word' id='word_1_102' title='bbox 400 1710 513 1744; x_wconf 90' lang='lat' dir='ltr'>sese</span> <span class='ocrx_word' id='word_1_103' title='bbox 556 1696 610 1744; x_wconf 89' lang='lat' dir='ltr'>in</span> <span class='ocrx_word' id='word_1_104' title='bbox 653 1698 900 1746; x_wconf 86' lang='lat' dir='ltr'>musculis</span> <span class='ocrx_word' id='word_1_105' title='bbox 938 1698 1157 1755; x_wconf 81' lang='lat' dir='ltr'>finiunt3</span> <span class='ocrx_word' id='word_1_106' title='bbox 1213 1698 1332 1747; x_wconf 87' lang='lat' dir='ltr'>finis</span> <span class='ocrx_word' id='word_1_107' title='bbox 1375 1702 1614 1765; x_wconf 83' lang='lat' dir='ltr'>superior</span> <span class='ocrx_word' id='word_1_108' title='bbox 1666 1716 1772 1750; x_wconf 88' lang='lat' dir='ltr'>nou</span> <span class='ocrx_word' id='word_1_109' title='bbox 1805 1701 2046 1749; x_wconf 86' lang='lat' dir='ltr'>cristatus</span> 
     </span>
     <span class='ocr_line' id='line_1_18' title="bbox 403 1781 2050 1851; baseline 0.003 -23"><span class='ocrx_word' id='word_1_110' title='bbox 403 1781 728 1845; x_wconf 85' lang='lat' dir='ltr'>peculiariter</span> <span class='ocrx_word' id='word_1_111' title='bbox 773 1781 1032 1830; x_wconf 86' lang='lat' dir='ltr'>formatus</span> <span class='ocrx_word' id='word_1_112' title='bbox 1071 1788 1182 1841; x_wconf 76' lang='lat' dir='ltr'>est3</span> <span class='ocrx_word' id='word_1_113' title='bbox 1238 1798 1357 1831; x_wconf 86' lang='lat' dir='ltr'>nam</span> <span class='ocrx_word' id='word_1_114' title='bbox 1401 1786 1621 1850; x_wconf 88' lang='lat' dir='ltr'>capitula</span> <span class='ocrx_word' id='word_1_115' title='bbox 1659 1786 1822 1851; x_wconf 80' lang='lat' dir='ltr'>magis</span> <span class='ocrx_word' id='word_1_116' title='bbox 1868 1796 2050 1835; x_wconf 85' lang='lat' dir='ltr'>verte-</span> 
     </span>
     <span class='ocr_line' id='line_1_19' title="bbox 406 1850 2047 1934; baseline 0.002 -20"><span class='ocrx_word' id='word_1_117' title='bbox 406 1863 509 1914; x_wconf 82' lang='lat' dir='ltr'>bris</span> <span class='ocrx_word' id='word_1_118' title='bbox 537 1863 809 1915; x_wconf 84' lang='lat' dir='ltr'>adhaerent</span> <span class='ocrx_word' id='word_1_119' title='bbox 832 1873 884 1914; x_wconf 91' lang='lat' dir='ltr'>et</span> <span class='ocrx_word' id='word_1_120' title='bbox 914 1850 1009 1931; x_wconf 85' lang='lat' dir='ltr'>pro</span> <span class='ocrx_word' id='word_1_121' title='bbox 1037 1867 1164 1917; x_wconf 89' lang='lat' dir='ltr'>rima</span> <span class='ocrx_word' id='word_1_122' title='bbox 1189 1882 1462 1934; x_wconf 86' lang='lat' dir='ltr'>processus</span> <span class='ocrx_word' id='word_1_123' title='bbox 1488 1869 1679 1919; x_wconf 87' lang='lat' dir='ltr'>habent</span> <span class='ocrx_word' id='word_1_124' title='bbox 1713 1877 1923 1931; x_wconf 87' lang='lat' dir='ltr'>acutos,</span> <span class='ocrx_word' id='word_1_125' title='bbox 1957 1869 2047 1933; x_wconf 87' lang='lat' dir='ltr'>qui</span> 
     </span>
     <span class='ocr_line' id='line_1_20' title="bbox 398 1949 2047 2019; baseline 0.004 -24"><span class='ocrx_word' id='word_1_126' title='bbox 398 1961 504 2012; x_wconf 88' lang='lat' dir='ltr'>quo</span> <span class='ocrx_word' id='word_1_127' title='bbox 549 1949 904 2014; x_wconf 82' lang='lat' dir='ltr'>posterioreS‚</span> <span class='ocrx_word' id='word_1_128' title='bbox 956 1965 1021 1999; x_wconf 89' lang='lat' dir='ltr'>eo</span> <span class='ocrx_word' id='word_1_129' title='bbox 1054 1951 1278 2017; x_wconf 83' lang='lat' dir='ltr'>majores</span> <span class='ocrx_word' id='word_1_130' title='bbox 1333 1961 1475 2004; x_wconf 87' lang='lat' dir='ltr'>sunt.</span> <span class='ocrx_word' id='word_1_131' title='bbox 1514 1977 1575 1990; x_wconf 83' lang='lat'>—·</span> <span class='ocrx_word' id='word_1_132' title='bbox 1640 1952 1875 2019; x_wconf 87' lang='lat' dir='ltr'>Capitula</span> <span class='ocrx_word' id='word_1_133' title='bbox 1919 1953 2047 2003; x_wconf 87' lang='lat' dir='ltr'>haec</span> 
     </span>
     <span class='ocr_line' id='line_1_21' title="bbox 398 2032 1459 2100; baseline 0.003 -20"><span class='ocrx_word' id='word_1_134' title='bbox 398 2032 596 2096; x_wconf 82' lang='lat' dir='ltr'>variata</span> <span class='ocrx_word' id='word_1_135' title='bbox 628 2033 732 2097; x_wconf 87' lang='lat' dir='ltr'>jam</span> <span class='ocrx_word' id='word_1_136' title='bbox 769 2049 917 2098; x_wconf 88' lang='lat' dir='ltr'>supra</span> <span class='ocrx_word' id='word_1_137' title='bbox 955 2035 1197 2100; x_wconf 83' lang='lat' dir='ltr'>descripsi</span> <span class='ocrx_word' id='word_1_138' title='bbox 1249 2035 1323 2095; x_wconf 81' lang='lat'>2).</span> <span class='ocrx_word' id='word_1_139' title='bbox 1458 2089 1459 2093; x_wconf 11' lang='grc' dir='ltr'><strong>Ἰ</strong></span> 
     </span>
    </p>

    <p class='ocr_par' dir='ltr' id='par_1_5' title="bbox 395 2116 2045 2605">
     <span class='ocr_line' id='line_1_22' title="bbox 493 2116 2043 2186; baseline 0.005 -20"><span class='ocrx_word' id='word_1_140' title='bbox 493 2116 686 2167; x_wconf 83' lang='lat' dir='ltr'>Costae</span> <span class='ocrx_word' id='word_1_141' title='bbox 709 2118 805 2168; x_wconf 89' lang='lat' dir='ltr'>hae</span> <span class='ocrx_word' id='word_1_142' title='bbox 835 2119 1148 2184; x_wconf 88' lang='lat' dir='ltr'>posteriores</span> <span class='ocrx_word' id='word_1_143' title='bbox 1176 2121 1342 2185; x_wconf 83' lang='lat' dir='ltr'>magis</span> <span class='ocrx_word' id='word_1_144' title='bbox 1363 2120 1679 2186; x_wconf 87' lang='lat' dir='ltr'>obliquiores</span> <span class='ocrx_word' id='word_1_145' title='bbox 1697 2121 2043 2179; x_wconf 86' lang='lat' dir='ltr'>descendunt,</span> 
     </span>
     <span class='ocr_line' id='line_1_23' title="bbox 396 2189 2045 2267; baseline 0.004 -17"><span class='ocrx_word' id='word_1_146' title='bbox 396 2202 758 2267; x_wconf 79' lang='lat' dir='ltr'>angulusque‚</span> <span class='ocrx_word' id='word_1_147' title='bbox 796 2218 950 2267; x_wconf 88' lang='lat' dir='ltr'>quem</span> <span class='ocrx_word' id='word_1_148' title='bbox 996 2218 1116 2252; x_wconf 90' lang='lat' dir='ltr'>cum</span> <span class='ocrx_word' id='word_1_149' title='bbox 1156 2202 1401 2257; x_wconf 86' lang='lat' dir='ltr'>columna</span> <span class='ocrx_word' id='word_1_150' title='bbox 1462 2189 1732 2254; x_wconf 52' lang='lat' dir='ltr'>v&#39;ertebrali</span> <span class='ocrx_word' id='word_1_151' title='bbox 1777 2205 2045 2261; x_wconf 83' lang='lat' dir='ltr'>formant,</span> 
     </span>
     <span class='ocr_line' id='line_1_24' title="bbox 395 2286 2037 2354; baseline 0.002 -19"><span class='ocrx_word' id='word_1_152' title='bbox 395 2286 695 2349; x_wconf 14' lang='lat' dir='ltr'>eno-acutior</span> <span class='ocrx_word' id='word_1_153' title='bbox 727 2293 835 2345; x_wconf 88' lang='lat' dir='ltr'>est,</span> <span class='ocrx_word' id='word_1_154' title='bbox 873 2302 979 2353; x_wconf 89' lang='lat' dir='ltr'>quo</span> <span class='ocrx_word' id='word_1_155' title='bbox 1011 2286 1278 2352; x_wconf 84' lang='lat' dir='ltr'>propiores</span> <span class='ocrx_word' id='word_1_156' title='bbox 1312 2303 1584 2352; x_wconf 84' lang='lat' dir='ltr'>processus</span> <span class='ocrx_word' id='word_1_157' title='bbox 1617 2289 2037 2354; x_wconf 79' lang='lat' dir='ltr'>spinosos-infe-</span> 
     </span>
     <span class='ocr_line' id='line_1_25' title="bbox 398 2370 2041 2439; baseline 0.004 -22"><span class='ocrx_word' id='word_1_158' title='bbox 398 2370 560 2431; x_wconf 80' lang='lat' dir='ltr'>riores</span> <span class='ocrx_word' id='word_1_159' title='bbox 606 2372 1010 2434; x_wconf 71' lang='lat' dir='ltr'>aggrediuntur,</span> <span class='ocrx_word' id='word_1_160' title='bbox 1051 2372 1125 2420; x_wconf 89' lang='lat' dir='ltr'>ita</span> <span class='ocrx_word' id='word_1_161' title='bbox 1163 2378 1222 2420; x_wconf 88' lang='lat' dir='ltr'>ut</span> <span class='ocrx_word' id='word_1_162' title='bbox 1265 2382 1528 2434; x_wconf 80' lang='lat' dir='ltr'>costarum</span> <span class='ocrx_word' id='word_1_163' title='bbox 1563 2388 1650 2438; x_wconf 88' lang='lat' dir='ltr'>par</span> <span class='ocrx_word' id='word_1_164' title='bbox 1693 2373 1937 2439; x_wconf 78' lang='lat' dir='ltr'>ultimum</span> <span class='ocrx_word' id='word_1_165' title='bbox 1972 2381 2041 2423; x_wconf 42' lang='lat' dir='ltr'>&gt;et</span> 
     </span>
     <span class='ocr_line' id='line_1_26' title="bbox 395 2450 2040 2522; baseline 0.004 -20"><span class='ocrx_word' id='word_1_166' title='bbox 395 2468 668 2518; x_wconf 81' lang='lat' dir='ltr'>processus</span> <span class='ocrx_word' id='word_1_167' title='bbox 722 2450 968 2521; x_wconf 84' lang='lat' dir='ltr'>spinosus</span> <span class='ocrx_word' id='word_1_168' title='bbox 996 2454 1208 2504; x_wconf 87' lang='lat' dir='ltr'>inferior</span> <span class='ocrx_word' id='word_1_169' title='bbox 1248 2457 1443 2522; x_wconf 87' lang='lat' dir='ltr'>primus</span> <span class='ocrx_word' id='word_1_170' title='bbox 1497 2456 1630 2505; x_wconf 85' lang='lat' dir='ltr'>inter</span> <span class='ocrx_word' id='word_1_171' title='bbox 1663 2473 1717 2505; x_wconf 88' lang='lat' dir='ltr'>se</span> <span class='ocrx_word' id='word_1_172' title='bbox 1760 2456 2040 2508; x_wconf 87' lang='lat' dir='ltr'>conhaere-</span> 
     </span>
     <span class='ocr_line' id='line_1_27' title="bbox 395 2539 1534 2605; baseline 0.004 -21"><span class='ocrx_word' id='word_1_173' title='bbox 395 2547 483 2585; x_wconf 82' lang='lat' dir='ltr'>aut</span> <span class='ocrx_word' id='word_1_174' title='bbox 527 2539 918 2605; x_wconf 84' lang='lat' dir='ltr'>abdominisque</span> <span class='ocrx_word' id='word_1_175' title='bbox 964 2556 1154 2589; x_wconf 87' lang='lat' dir='ltr'>cavum</span> <span class='ocrx_word' id='word_1_176' title='bbox 1190 2541 1439 2589; x_wconf 82' lang='lat' dir='ltr'>claudant.</span> <span class='ocrx_word' id='word_1_177' title='bbox 1474 2566 1534 2576; x_wconf 86' lang='lat'>—-—</span> 
     </span>
    </p>
   </div>
   <div class='ocr_carea' id='block_1_3' title="bbox 455 2712 2039 3275">
    <p class='ocr_par' dir='ltr' id='par_1_6' title="bbox 455 2712 2039 3193">
     <span class='ocr_line' id='line_1_28' title="bbox 455 2712 2037 2766; baseline 0.001 -11"><span class='ocrx_word' id='word_1_178' title='bbox 455 2713 503 2763; x_wconf 82' lang='grc'>1)</span> <span class='ocrx_word' id='word_1_179' title='bbox 541 2716 604 2756; x_wconf 87' lang='lat' dir='ltr'>De</span> <span class='ocrx_word' id='word_1_180' title='bbox 651 2712 893 2766; x_wconf 88' lang='lat' dir='ltr'>Hercyniae</span> <span class='ocrx_word' id='word_1_181' title='bbox 936 2712 1197 2758; x_wconf 74' lang='lat' dir='ltr'>Farionibus</span> <span class='ocrx_word' id='word_1_182' title='bbox 1248 2713 1434 2756; x_wconf 84' lang='lat' dir='ltr'>dicitur:</span> <span class='ocrx_word' id='word_1_183' title='bbox 1492 2724 1568 2754; x_wconf 86' lang='lat' dir='ltr'>eos</span> <span class='ocrx_word' id='word_1_184' title='bbox 1627 2721 1767 2756; x_wconf 86' lang='lat' dir='ltr'>costas</span> <span class='ocrx_word' id='word_1_185' title='bbox 1803 2727 1854 2755; x_wconf 87' lang='lat' dir='ltr'>eo</span> <span class='ocrx_word' id='word_1_186' title='bbox 1908 2723 2037 2757; x_wconf 83' lang='lat' dir='ltr'>tenu·</span> 
     </span>
     <span class='ocr_line' id='line_1_29' title="bbox 559 2796 2039 2856; baseline 0.003 -18"><span class='ocrx_word' id='word_1_187' title='bbox 559 2797 673 2840; x_wconf 89' lang='lat' dir='ltr'>iores</span> <span class='ocrx_word' id='word_1_188' title='bbox 718 2796 899 2850; x_wconf 84' lang='lat' dir='ltr'>babere,</span> <span class='ocrx_word' id='word_1_189' title='bbox 965 2800 1012 2840; x_wconf 86' lang='lat' dir='ltr'>in</span> <span class='ocrx_word' id='word_1_190' title='bbox 1061 2812 1146 2854; x_wconf 87' lang='lat' dir='ltr'>quo</span> <span class='ocrx_word' id='word_1_191' title='bbox 1195 2799 1419 2840; x_wconf 80' lang='lat' dir='ltr'>altioribus</span> <span class='ocrx_word' id='word_1_192' title='bbox 1466 2797 1681 2839; x_wconf 84' lang='lat' dir='ltr'>montium</span> <span class='ocrx_word' id='word_1_193' title='bbox 1723 2796 1884 2851; x_wconf 83' lang='lat' dir='ltr'>rivulis</span> <span class='ocrx_word' id='word_1_194' title='bbox 1925 2801 2039 2856; x_wconf 87' lang='lat' dir='ltr'>capti</span> 
     </span>
     <span class='ocr_line' id='line_1_30' title="bbox 552 2877 2031 2943; baseline 0.003 -22"><span class='ocrx_word' id='word_1_195' title='bbox 552 2882 642 2923; x_wconf 85' lang='lat' dir='ltr'>sint</span> <span class='ocrx_word' id='word_1_196' title='bbox 675 2889 717 2922; x_wconf 90' lang='lat' dir='ltr'>et</span> <span class='ocrx_word' id='word_1_197' title='bbox 744 2894 799 2923; x_wconf 83' lang='lat' dir='ltr'>ex</span> <span class='ocrx_word' id='word_1_198' title='bbox 823 2895 904 2934; x_wconf 87' lang='lat' dir='ltr'>eo,</span> <span class='ocrx_word' id='word_1_199' title='bbox 955 2877 1033 2939; x_wconf 86' lang='lat' dir='ltr'>qui</span> <span class='ocrx_word' id='word_1_200' title='bbox 1061 2882 1249 2938; x_wconf 75' lang='lat' dir='ltr'>piscibus</span> <span class='ocrx_word' id='word_1_201' title='bbox 1277 2882 1573 2935; x_wconf 74' lang='lat' dir='ltr'>negotiantur,</span> <span class='ocrx_word' id='word_1_202' title='bbox 1614 2883 1758 2922; x_wconf 88' lang='lat' dir='ltr'>locum</span> <span class='ocrx_word' id='word_1_203' title='bbox 1794 2882 2031 2943; x_wconf 78' lang='lat' dir='ltr'>Farioiium</span> 
     </span>
     <span class='ocr_line' id='line_1_31' title="bbox 551 2966 2033 3022; baseline 0.003 -16"><span class='ocrx_word' id='word_1_204' title='bbox 551 2967 767 3014; x_wconf 84' lang='lat' dir='ltr'>natalem,</span> <span class='ocrx_word' id='word_1_205' title='bbox 807 2978 863 3008; x_wconf 84' lang='lat' dir='ltr'>au</span> <span class='ocrx_word' id='word_1_206' title='bbox 900 2968 1113 3010; x_wconf 89' lang='lat' dir='ltr'>montium</span> <span class='ocrx_word' id='word_1_207' title='bbox 1145 2968 1277 3022; x_wconf 87' lang='lat' dir='ltr'>jugo,</span> <span class='ocrx_word' id='word_1_208' title='bbox 1318 2979 1373 3008; x_wconf 87' lang='lat' dir='ltr'>an</span> <span class='ocrx_word' id='word_1_209' title='bbox 1413 2967 1565 3009; x_wconf 82' lang='lat' dir='ltr'>Rheno</span> <span class='ocrx_word' id='word_1_210' title='bbox 1598 2966 1843 3021; x_wconf 87' lang='lat' dir='ltr'>propiorem</span> <span class='ocrx_word' id='word_1_211' title='bbox 1877 2981 2033 3022; x_wconf 82' lang='lat' dir='ltr'>agnos-</span> 
     </span>
     <span class='ocr_line' id='line_1_32' title="bbox 547 3045 2030 3109; baseline 0.003 -19"><span class='ocrx_word' id='word_1_212' title='bbox 547 3063 643 3091; x_wconf 85' lang='lat' dir='ltr'>cere</span> <span class='ocrx_word' id='word_1_213' title='bbox 677 3062 819 3101; x_wconf 80' lang='lat' dir='ltr'>posse.</span> <span class='ocrx_word' id='word_1_214' title='bbox 873 3045 1131 3108; x_wconf 82' lang='lat' dir='ltr'>(Freiburg.</span> <span class='ocrx_word' id='word_1_215' title='bbox 1181 3052 1548 3100; x_wconf 77' lang='lat' dir='ltr'>Wochen-sslatt</span> <span class='ocrx_word' id='word_1_216' title='bbox 1596 3050 1734 3091; x_wconf 77' lang='lat'><strong>1328.</strong></span> <span class='ocrx_word' id='word_1_217' title='bbox 1797 3052 1905 3109; x_wconf 69' lang='lat' dir='ltr'>Nro,=</span> <span class='ocrx_word' id='word_1_218' title='bbox 1953 3053 2030 3098; x_wconf 70' lang='lat'>38.</span> 
     </span>
     <span class='ocr_line' id='line_1_33' title="bbox 549 3132 1563 3193; baseline 0.001 -17"><span class='ocrx_word' id='word_1_219' title='bbox 549 3147 648 3190; x_wconf 88' lang='lat' dir='ltr'>pag.</span> <span class='ocrx_word' id='word_1_220' title='bbox 676 3134 732 3173; x_wconf 84' lang='lat'>15</span> <span class='ocrx_word' id='word_1_221' title='bbox 742 3132 785 3181; x_wconf 81' lang='lat'>7.</span> <span class='ocrx_word' id='word_1_222' title='bbox 1560 3192 1563 3193; x_wconf 19' lang='lat'><em>⁷</em></span> 
     </span>
    </p>

    <p class='ocr_par' dir='ltr' id='par_1_7' title="bbox 456 3213 1623 3275">
     <span class='ocr_line' id='line_1_34' title="bbox 456 3213 1623 3275; baseline 0.003 -17"><span class='ocrx_word' id='word_1_223' title='bbox 456 3213 511 3271; x_wconf 81' lang='lat'>2)</span> <span class='ocrx_word' id='word_1_224' title='bbox 550 3218 691 3266; x_wconf 84' lang='lat' dir='ltr'>Vide:</span> <span class='ocrx_word' id='word_1_225' title='bbox 727 3219 843 3275; x_wconf 82' lang='lat' dir='ltr'>apud</span> <span class='ocrx_word' id='word_1_226' title='bbox 885 3222 1117 3266; x_wconf 75' lang='lat' dir='ltr'>vertebras</span> <span class='ocrx_word' id='word_1_227' title='bbox 1152 3230 1352 3266; x_wconf 81' lang='lat' dir='ltr'>costatas.</span> <span class='ocrx_word' id='word_1_228' title='bbox 1398 3235 1441 3275; x_wconf 88' lang='lat' dir='ltr'>p.</span> <span class='ocrx_word' id='word_1_229' title='bbox 1466 3240 1510 3253; x_wconf 91' lang='lat'><em>-</em></span> <span class='ocrx_word' id='word_1_230' title='bbox 1547 3214 1623 3262; x_wconf 77' lang='grc'>41.</span> 
     </span>
    </p>
   </div>
  </div>
 </body>
</html>
