2064 3706
368 251 444 309 38

465 393 583 453 Sed,
623 399 847 459 utsupra
875 397 1185 454 memoravi,
1208 396 1558 449 vertebrarum
1586 405 1829 451 numerus
1854 405 2005 458 saepe

380 480 579 537 variat3
626 493 779 543 saepe
810 478 1072 528 vertebras
1100 480 1280 534 inveni
1317 481 1682 548 quinquaginta
1701 483 1854 536 octe,
1889 491 2011 540 qua-

378 578 491 611 rum
520 564 646 612 duae
680 562 894 624 collum,
932 563 1141 628 triginta
1163 582 1262 617 una
1290 581 1380 618 seu
1402 566 1616 630 triginta
1634 571 1736 612 tres
1755 591 1814 601 —-
1837 568 2011 614 costas

360 655 642 711 portantes
674 677 731 685 —-—
767 647 1000 708 dorsum,
1026 654 1181 715 atque
1216 650 1410 715 viginti
1444 649 1666 715 quinque
1697 662 1787 696 seu
1819 642 2012 708 viginti

379 739 482 784 tres
509 731 720 783 caudam
740 732 1103 793 constituunt3
1155 750 1305 800 saepe
1332 733 1619 796 sexaginta,
1654 738 1714 781 ut
1737 726 2012 794 Lacepede‚

377 813 571 879 hasque
614 816 872 871 interdum
930 820 980 875 in
1023 820 1248 886 piscibus
1292 818 1582 868 minoribus
1629 824 1678 866 et
1725 816 1856 865 inter
1899 812 2011 860 illas

378 901 599 962 partium
631 901 970 967 singularium
1006 918 1251 954 numerus
1286 904 1450 969 magis
1481 903 1576 951 sibi
1611 904 1848 955 constat3
1883 894 2012 945 duae

360 983 678 1045 ‘cervicalem
714 986 928 1051 triginta
955 995 1055 1038 tres
1085 990 1314 1038 dorsales
1350 996 1402 1038 et
1424 985 1616 1051 viginti
1641 985 1865 1049 quinque
1894 995 2014 1029 cau-

379 1068 518 1117 dales
562 1076 723 1127 erant.
761 1098 825 1107 —
879 1070 1161 1131 Columnas
1194 1074 1534 1126 vertebrales,
1584 1082 1799 1134 quarum
1839 1070 2012 1114 verte-

382 1151 586 1203 brarum
620 1170 866 1206 numerus
902 1158 954 1208 in
990 1159 1235 1208 omnibus
1263 1157 1489 1224 partibus
1529 1169 1707 1203 secum
1740 1148 2015 1205 convenit,

380 1238 697 1299 nonnullas3
776 1242 1054 1292 rarissimas
1110 1260 1243 1294 vero
1282 1272 1343 1280 —-
1392 1242 1553 1291 multa
1599 1241 1734 1289 inter
1776 1233 2015 1298 exempla

382 1320 585 1371 unicam
628 1329 831 1375 tantum
874 1356 930 1365 —-
987 1343 1057 1376 ex
1088 1329 1461 1394 quinquaginta
1514 1331 1715 1389 septem
1753 1317 2015 1370 vertebris

382 1411 691 1459 constantes
731 1411 922 1480 reperi,
976 1427 1188 1477 quarum
1220 1413 1350 1462 duae
1378 1410 1575 1459 collum
1610 1408 1871 1462 formant,
1924 1403 2015 1458 tri-

380 1487 525 1549 ginta
559 1489 690 1545 duae
727 1503 900 1547 costas
921 1503 1146 1563 portant,
1195 1502 1247 1545 et
1283 1495 1478 1560 viginti
1506 1502 1608 1544 tres
1644 1495 1854 1543 caudam
1893 1503 2016 1538 con=

376 1570 617 1626 stituunt.
1830 1584 1833 1595 ¹

475 1675 770 1749 Descriptio
800 1689 1049 1751 partium,
1086 1703 1213 1754 quae
1242 1696 1484 1736 truncum
1509 1683 1755 1742 formant,
1790 1681 2020 1747 singula-

378 1761 513 1813 rium
548 1774 808 1830 sequatur,
843 1779 996 1836 atque
1030 1774 1196 1838 primo
1232 1773 1309 1823 de.

477 1874 500 1919 1
511 1907 521 1917 .
597 1871 848 1924 Vertebrz's
877 1878 999 1927 colli.

477 1973 549 2025 Ut
582 1992 733 2042 Supra
754 1987 1044 2035 memoravi
1078 2000 1252 2035 earum
1287 1999 1486 2049 semper
1519 1980 1649 2032 duae
1682 1986 1823 2039 sunt,
1859 1984 2016 2045 quan-

379 2071 530 2121 quam
566 2070 850 2115 ceterarum
886 2082 1137 2120 numerus
1171 2068 1439 2134 paululum
1473 2068 1654 2116 variat.

462 2163 568 2221 Cel.
590 2167 747 2221 Carus
776 2170 846 2235 ¹),
866 2175 1098 2238 quiajam
1115 2175 1167 2223 in
1181 2155 1517 2238 pisciscapite
1532 2175 1796 2223 thoracem
1815 2172 2016 2237 reperit,

382 2251 646 2302 vertebras
682 2257 808 2305 colli
852 2274 963 2308 non
1016 2258 1275 2317 admittit3
1323 2274 1443 2307 eum
1475 2273 1604 2308 vero
1646 2270 1807 2306 errare
1844 2255 2013 2305 credo.

380 2332 513 2383 Nam
558 2353 728 2388 earum
766 2350 1023 2393 structura
1062 2344 1113 2392 in
1153 2342 1384 2407 plurimis
1416 2342 1643 2408 piscibus
1680 2340 1812 2399 alia,
1863 2356 2014 2405 quam

382 2421 730 2472 vertebrarum
752 2434 1052 2487 ceterarum,
1085 2428 1319 2488 illaeque,
1354 2434 1414 2476 ut
1438 2445 1527 2478 eae
1546 2423 1847 2478 animalium
1866 2443 2016 2492 orga-

380 2506 641 2558 nisatione
679 2510 1036 2573 superiorum,
1102 2512 1267 2561 costis
1307 2519 1497 2565 carent.
1600 2514 1862 2563 Praeterea
1914 2511 2017 2560 hoc

380 2591 594 2640 nomine
670 2608 986 2659 nequaquam
1048 2596 1383 2647 contenditur
1406 2634 1419 2655 ‚
1507 2599 1672 2662 pisces
1721 2597 2009 2646 stricturam

381 2672 503 2721 colli
543 2685 809 2727 externam
854 2678 1037 2732 habere
1068 2697 1083 2740 3
1150 2682 1237 2731 sed
1276 2681 1327 2730 id
1365 2681 1441 2730 nil
1479 2683 1696 2748 amplius
1741 2679 2013 2747 significat,

380 2760 642 2810 vertebras
681 2764 896 2827 piscium
938 2766 1212 2816 nonnullas
1241 2796 1301 2807 —
1355 2768 1480 2816 duas
1516 2767 1571 2816 in
1607 2765 1815 2816 Farione
1845 2792 1901 2801 -
1946 2765 2010 2812 iis

381 2842 535 2892 valde
572 2846 769 2896 similes
820 2864 933 2900 esse
959 2887 970 2907 ‚
1041 2866 1171 2917 quae
1213 2853 1266 2901 in
1318 2851 1621 2903 animalibus
1659 2848 2010 2918 superioribus

382 2929 647 2981 vertebrae
677 2934 1076 2997 collidicuntur‚
1112 2950 1230 2986 cum
1250 2936 1432 3003 quibus
1450 2935 1617 2988 forma
1633 2936 1840 3003 propria
1861 2945 2013 3006 atque

448 3168 496 3223 1)
532 3172 753 3215 Lehrbucb
784 3177 859 3216 der
887 3177 1122 3219 Zootomie.
1169 3177 1319 3234 Leipz.
1351 3180 1489 3226 1818.
1543 3193 1586 3234 p.
1611 3179 1686 3225 99.
1740 3182 1787 3232 §.
1808 3175 1913 3220 162.
