2064 3706
400 308 473 366 66

590 457 802 513 ostegae
853 456 1069 509 ossaque
1119 440 1470 494 branchiarum
1521 453 1638 493 cum
1671 441 1876 494 ossibus
1907 445 2032 510 pha-

591 527 851 600 ryngeis)
1639 590 1642 591 ⁷

586 623 635 674 a)
710 614 982 680 Corpus
1037 614 1224 664 ossis
1276 607 1568 676 hyoz'stlez'

414 704 618 756 ossium
668 706 821 750 series
855 697 1100 757 conficit,
1157 697 1241 748 cui
1295 698 1422 748 aliae
1453 696 1588 744 ossis
1619 696 1834 763 hyoidei
1872 705 2038 764 partes

402 791 509 841 fere
543 800 725 836 omnes
752 819 767 842 ,
818 783 1107 847 ligamentis
1158 790 1311 849 atque
1343 780 1649 832 membranis
1688 782 1910 848 ligatae,
1945 781 2033 833 ad-

398 876 626 926 haerent.
1065 880 1067 885 ⁴

486 958 686 1010 Eorum
721 953 971 1020 primum,
1008 952 1147 1020 quod
1178 956 1258 1001 est
1291 951 1608 1011 maximum,
1642 965 1909 1017 squamam
1941 970 2029 1005 os-

396 1061 536 1096 seam
568 1041 858 1103 fortcmque
892 1043 1074 1104 aequat
1100 1073 1114 1096 ‚
1166 1035 1316 1100 cujus
1349 1031 1674 1099 superficiem
1724 1035 1904 1087 dentes
1935 1040 2035 1104 pis-

398 1131 472 1181 cis
507 1127 722 1179 maximi
757 1131 808 1173 et
841 1123 1099 1178 recurvati
1133 1121 1266 1170 duos
1299 1121 1353 1170 in
1387 1119 1593 1169 ordines
1625 1119 1790 1185 positi
1824 1129 2032 1179 ornant.

399 1214 538 1266 Infra
570 1211 769 1261 fossam
801 1208 982 1268 habet,
1017 1221 1144 1272 quae
1178 1206 1314 1255 ossis
1347 1203 1558 1256 secundi
1590 1218 1891 1270 processum
1923 1221 2034 1257 car-

389 1298 697 1363 tilagineum
729 1294 926 1357 recipit.

484 1381 617 1432 Ossa
651 1379 757 1427 duo
793 1377 1056 1442 sequentia
1078 1413 1089 1435 ‚
1147 1390 1370 1442 quorum
1417 1374 1666 1441 cartilago
1698 1375 1883 1443 prioris
1915 1376 2029 1428 fos-

392 1483 500 1518 sam
534 1463 739 1528 explet‚
784 1462 961 1511 brevia
994 1467 1231 1526 arcteque
1265 1466 1488 1510 connata
1522 1467 1680 1520 sunt3
1739 1476 1947 1528 quoque
1977 1466 2034 1513 in

391 1565 575 1602 eorum
608 1548 765 1596 latere
798 1546 895 1596 alia
928 1544 1227 1610 irregularia
1263 1545 1537 1594 adhaerent
1570 1560 1706 1603 ossa,
1739 1560 1869 1611 quae
1900 1563 2027 1599 con-

392 1635 668 1703 junctione
727 1646 820 1680 sua
891 1630 1070 1694 primis
1124 1637 1277 1694 atque
1341 1630 1586 1679 maximis
1629 1630 1765 1679 ossis
1817 1631 2033 1699 hyoidei

401 1717 694 1774 cornubUS‚
760 1714 1082 1765 membranae
1142 1713 1299 1761 simul
1359 1713 1792 1780 branchiostegae
1862 1717 2035 1769 radios

399 1799 727 1870 portantibus
762 1796 1083 1864 superficiem
1119 1797 1444 1847 articularem
1477 1796 1726 1855 offerunt.

482 1885 679 1935 Omnes
712 1881 809 1931 hae
843 1888 1009 1947 partes
1042 1882 1178 1930 sicut
1211 1887 1263 1930 et
1295 1887 1569 1946 sequentes
1605 1897 1736 1946 quae
1757 1886 1894 1935 ossis
1925 1886 2029 1954 hy-

386 1970 522 2021 oidis
543 1982 736 2032 corpus
770 1966 978 2030 suplent
1012 1978 1179 2029 neque
1211 1981 1240 2013 e
1276 1979 1442 2013 massa
1477 1965 1699 2016 omnino
1725 1981 1878 2020 ossea
1901 1986 2031 2021 con-

387 2060 646 2110 structae,
679 2066 847 2117 neque
880 2050 1118 2099 dentatae
1149 2055 1287 2102 sunt.
1319 2077 1380 2088 --

474 2140 614 2189 Inter
631 2153 690 2187 ea
708 2150 829 2184 ossa
845 2167 858 2193 ,
894 2149 1021 2199 quae
1046 2134 1107 2182 ad
1127 2132 1260 2182 ossis
1279 2132 1498 2200 hyoidei
1513 2132 1673 2184 latera
1690 2120 1869 2202 posita
1891 2147 2032 2192 sunt,

383 2223 638 2275 collatum
705 2221 873 2285 iisque
947 2217 1241 2281 ligamentis
1351 2218 1557 2269 duobus
1633 2219 1874 2270 cruciatis
1915 2221 2030 2274 affi-

384 2322 518 2357 xum
551 2320 613 2355 os
647 2305 900 2371 reperitur
949 2302 1159 2351 vomeri
1205 2300 1373 2352 ferreo
1439 2305 1640 2366 simile,
1684 2304 1738 2369 ¹)
1774 2303 1924 2371 cujus
1966 2307 2032 2357 ad

383 2392 600 2457 parietes
650 2388 901 2448 musculi,
953 2385 1297 2437 extremitatis
1347 2389 1620 2440 anterioris
1652 2389 1914 2443 functioni
1944 2391 2028 2441 in-

385 2476 674 2525 servientes
687 2509 701 2533 ,
738 2490 795 2523 se
828 2473 1075 2522 inserunt.

481 2560 615 2609 Dein
663 2574 774 2625 pars
826 2558 958 2607 ossis
1008 2555 1228 2622 hyoidei
1276 2558 1542 2620 sequitur,
1596 2573 1726 2624 quae
1770 2575 2022 2627 processu

388 2651 544 2694 acuto
577 2650 729 2709 atque
772 2642 928 2708 plano
982 2640 1238 2690 anteriore
1281 2641 1391 2690 ossi
1445 2641 1605 2708 priori
1635 2644 1914 2706 incumbit,
1950 2647 2023 2696 si-

387 2730 600 2794 milique
635 2728 926 2795 posteriore
960 2741 1022 2775 os
1056 2717 1396 2792 posteriorius
1428 2727 1654 2793 attingit.
1713 2728 1861 2780 Disci
1893 2730 2023 2791 duc,

386 2813 596 2863 latiores
627 2812 756 2873 illis,
816 2812 905 2878 qui
950 2826 1071 2861 ossa
1126 2807 1355 2877 hyoidea
1408 2810 1520 2862 aliis
1565 2812 1828 2878 Jungunt‚
1860 2814 2020 2881 hUJus

386 2898 523 2949 ossis
582 2897 766 2947 ceteris
811 2910 930 2946 cum
979 2895 1207 2962 partibus
1262 2897 1711 2950 consociationem
1763 2896 2019 2962 efficiunt,

457 3153 507 3210 1>
535 3156 756 3210 Sternum,
773 3176 796 3185 —
826 3157 969 3200 Gouan
1004 3154 1146 3209 (Hist,
1167 3150 1373 3216 Piscium,
1397 3161 1631 3215 Argentor.
1675 3156 1811 3209 1770,
1840 3153 2010 3218 p064.)

550 3239 619 3285 cui
648 3254 752 3284 sane
791 3240 1130 3297 comparandum
1163 3252 1243 3287 est.
