2064 3706
372 271 449 325 12

470 408 536 461 In
564 408 627 458 iis
651 407 809 473 igitur
833 405 1078 472 Europae
1101 406 1357 472 Asiaeque
1390 408 1613 457 mitioris
1639 408 1764 458 rivis
1782 444 1795 467 ,
1832 410 1919 474 qui
1956 411 2007 459 in

372 493 636 545 montium
657 489 796 557 jugis
825 491 1082 549 oriuntur,
1117 490 1347 557 adeoque
1375 491 1434 540 ad
1449 508 1634 542 eorum
1660 491 1998 558 scaturigines

371 592 539 643 usque
570 574 811 639 frequens
845 574 1091 641 reperitur
1125 572 1286 624 FariO.
1321 603 1384 616 -

470 659 652 726 Neque
675 674 808 708 vero
840 660 896 708 in
924 658 1028 707 illis
1056 657 1396 709 solummodo
1423 660 1648 721 habitat,
1693 661 1782 712 sed
1812 666 1865 712 et
1892 676 2012 710 curn

374 743 622 811 gratiosis
643 742 691 792 ei
710 744 852 809 aquis
878 743 940 792 ad
958 741 1114 793 vallis
1132 741 1363 792 fluvium
1379 743 1641 797 descendit
1659 761 1804 796 carus
1827 744 2015 794 incolis

383 827 616 886 advena,
651 826 945 893 aberratque
969 843 1036 877 ex
1055 843 1114 876 ea
1145 827 1201 875 in
1225 842 1410 876 omnes
1431 827 1659 892 planitiei
1685 831 1851 880 rivos,
1886 830 1937 891 ¹)
1959 858 2019 868 —-

376 910 520 962 Dum
539 925 674 961 vero
702 910 756 959 in
778 911 1038 961 montium
1058 911 1245 960 rivulis
1264 910 1472 960 dimidia
1495 920 1699 962 tantum
1722 919 1866 978 parte
1889 911 2019 976 aquai

376 995 600 1061 tegitur,
636 996 691 1044 in
717 995 848 1044 rivis
879 1001 1031 1061 atque
1046 996 1226 1046 fluviis
1254 994 1483 1062 planitiei
1508 996 1561 1044 in
1584 995 1747 1046 fundo
1774 1010 2019 1060 aquarum

378 1085 620 1130 versatur
654 1093 811 1144 seque
846 1078 980 1129 inter
1003 1079 1192 1146 lapides
1227 1085 1379 1143 atque
1413 1080 1608 1129 radices
1644 1080 1892 1130 occultat.

478 1162 662 1214 Homo
692 1169 868 1225 autem
897 1163 1089 1224 solerS,
1124 1180 1191 1223 ne
1226 1164 1339 1214 ullo
1375 1164 1497 1213 anni
1536 1171 1772 1232 ternpore
1804 1163 2025 1228 jucunda

379 1245 537 1310 hujus
579 1248 734 1312 piscis
783 1262 932 1296 carne
974 1256 1190 1305 careret,
1242 1263 1454 1313 operam
1493 1248 1659 1307 dedit,
1703 1256 1761 1298 ut
1812 1263 1931 1296 eum
1977 1247 2027 1294 in

380 1330 606 1394 piscinas
626 1331 952 1388 obumbratas
972 1368 984 1390 ‚
1008 1331 1173 1381 fundo
1193 1334 1433 1398 glareoso
1456 1338 1610 1396 atque
1626 1329 1862 1396 lapidoso
1881 1346 2027 1395 prae-

384 1414 545 1485 ditas,
570 1415 807 1481 ⁴ripisque
834 1414 950 1464 altis
976 1417 1312 1467 circumdatas
1332 1454 1345 1476 ,
1379 1417 1557 1465 locum
1584 1416 1803 1467 natalem
1820 1452 1834 1476 ‚
1869 1429 2028 1480 quan?

388 1504 504 1548 tum
534 1498 647 1548 fieri
680 1506 887 1564 potest,
924 1508 1227 1566 aequanteS,
1264 1499 1532 1551 transferat
1568 1507 1621 1552 et
1648 1516 1841 1562 coenae
1874 1514 2027 1548 orna-

386 1590 632 1632 mentum
669 1584 869 1634 educat.

485 1665 547 1716 In
590 1682 717 1716 vase
755 1668 1007 1732 quolibet,
1042 1667 1143 1719 etsi
1181 1684 1310 1734 aqua
1343 1673 1540 1733 saepius
1581 1667 1782 1718 additur
1824 1665 2026 1731 frigida,

402 1749 551 1803 Fario
595 1766 686 1816 per
736 1753 1018 1801 nonnullas
1058 1760 1261 1803 tantum
1306 1753 1414 1803 dies
1459 1755 1627 1802 vitam
1679 1752 1837 1816 degit.
1917 1751 2035 1819 'sali

398 1832 583 1890 modo,
616 1835 671 1883 in
692 1850 821 1902 aqua
847 1837 1023 1897 calida,
1062 1838 1115 1887 in
1131 1838 1319 1888 balneo
1340 1838 1606 1888 helvetico
1625 1834 1831 1886 Pfeffers
1847 1834 2035 1885 vivere.

398 1933 575 1985 posse,
611 1920 752 1984 quod
791 1919 1064 1972 Walthieri
1091 1926 1138 1981 2)
1172 1922 1341 1982 refert,
1376 1923 1491 1976 ‚vix
1527 1923 1699 1978 credo.
1733 1949 1798 1960 --
1830 1917 1892 1969 ln
1922 1924 2035 1976 a’e‘re

395 2019 527 2063 vero
564 2018 726 2068 pauca
769 2012 893 2070 post-
929 2014 1196 2055 momenta
1231 2007 1360 2057 obit.

491 2087 552 2138 In
579 2088 795 2152 regione
830 2095 1008 2138 nostra
1042 2088 1192 2139 Fario
1222 2089 1461 2157 frequens
1497 2091 1552 2141 in
1580 2089 1769 2142 rivulis
1799 2090 2039 2154 rivisque

390 2171 690 2238 Hercyniae
717 2172 883 2222 valles
904 2175 1322 2238 permanantibus,
1341 2175 1552 2235 habitat,
1588 2190 1681 2224 nec
1702 2189 1812 2223 non
1838 2173 1892 2223 in
1917 2173 2033 2222 lacu

394 2255 617 2309 Feldsee.
644 2260 691 2320 3)
725 2289 790 2298 ——-
822 2258 910 2310 Ex
927 2258 1104 2310 fluvio
1131 2257 1363 2308 Dreisam
1394 2260 1446 2308 in
1476 2260 1655 2310 rivum
1681 2259 1871 2308 aberrat
1900 2257 2032 2307 deri—

397 2346 584 2399 vatum
611 2341 777 2391 molas
801 2350 1036 2406 agentem
1071 2349 1124 2393 et
1148 2342 1523 2410 aquaeductum
1557 2359 1821 2408 magnum,
1858 2343 2034 2391 multi-

396 2422 602 2489 pliciter
624 2440 714 2491 per
747 2427 884 2479 urbis
920 2426 1111 2494 plateas
1144 2428 1374 2487 divisum
1395 2463 1409 2488 ‚
1445 2428 1681 2480 edentem
1701 2465 1715 2489 ‚
1749 2428 1805 2481 in
1840 2441 1946 2493 quo
1983 2424 2037 2474 in

468 2679 522 2734 1)
555 2684 778 2740 Lacepede
818 2687 863 2736 in
899 2685 1090 2731 Histoire
1126 2689 1204 2731 des
1233 2689 1454 2742 PoissonS‚
1493 2691 1619 2735 Tom.
1646 2689 1701 2738 V.
1737 2701 1778 2743 p.
1806 2689 1912 2739 191,
1951 2687 2039 2732 ait:

563 2769 673 2823 „On
692 2772 733 2811 la
761 2769 956 2822 (Truite)
984 2780 1136 2817 trouve
1154 2799 1172 2808 -
1195 2799 1213 2809 ·-
1235 2799 1253 2808 -
1275 2798 1295 2809 -
1327 2774 1718 2832 particulierement
1735 2772 1844 2815 dans
1858 2785 2040 2829 presque

566 2878 594 2906 „
609 2861 706 2896 tous
733 2855 796 2896 les
818 2856 906 2897 lacs
927 2858 1091 2907 eleve‘S,
1125 2860 1206 2901 tels
1230 2871 1312 2914 que
1333 2872 1439 2901 ceux
1465 2860 1521 2902 du
1537 2862 1699 2904 Leman
1716 2890 1729 2908 ‚
1763 2857 1817 2900 de
1834 2860 1957 2912 Joux,
1988 2857 2041 2898 de

574 2938 864 2991 „Neufchatel
887 2935 1000 2983 etc.“
1037 2943 1152 2997 quod
1170 2942 1426 2993 dubitarem,
1453 2957 1549 2986 cum
1568 2941 1697 2988 Fario
1721 2940 1765 2983 in
1784 2943 1878 2984 lacu
1895 2947 2043 2982 nostro

571 3021 818 3073 bodamico,
853 3023 928 3080 qui
955 3024 1010 3068 iis
1041 3025 1085 3068 in
1109 3026 1227 3069 omni
1252 3026 1415 3069 ratione
1432 3026 1657 3079 convenit,
1695 3039 1781 3068 non
1815 3022 2042 3079 reperitur⁴1

473 3099 526 3154 2)
560 3107 876 3163 Beschreibung
901 3111 979 3153 des
997 3110 1222 3156 Pfa‘fferser
1241 3110 1628 3162 Mineralwassers‚
1663 3125 1705 3167 p.
1728 3103 1837 3151 462.

470 3186 522 3241 ³>
555 3194 692 3245 Lacus
725 3190 800 3238 ille
828 3208 965 3251 prope
996 3194 1154 3243 montis
1180 3195 1390 3250 Feldberg
1424 3195 1635 3240 cacumini
1662 3194 1794 3240 situm
1819 3192 1959 3237 habet.
