2064 3706
334 267 408 326 70

333 402 560 473 perforat
583 394 814 470 obliqua,
850 402 900 451 in
929 401 1155 452 canalem
1181 401 1435 453 lateralem
1471 401 1619 469 juxta
1656 404 1842 459 lineam
1871 426 1964 461 ex·

330 497 475 542 terne
510 489 863 553 conspicuum,
900 487 973 538 sic
1007 487 1195 538 dictam
1231 487 1515 547 lateralem,
1563 494 1756 544 transit.
1822 495 1963 550 Haec

327 591 566 641 spuamas
624 573 907 637 singulares
948 570 1036 620 illa
1087 573 1138 621 in
1191 573 1325 622 linea
1382 572 1612 636 positas,
1677 591 1805 640 quae
1849 599 1963 649 pes..

331 659 528 709 foratae
563 665 701 716 sunt,
735 665 956 722 permeat
992 663 1044 706 et
1079 656 1130 706 in
1166 672 1347 706 eorum
1383 657 1675 710 interstitiis
1711 668 1960 719 membra-

330 759 519 793 naceus
555 749 648 797 est,

423 826 566 878 Haec
596 829 755 878 series
789 827 1148 879 anastomosin
1183 826 1437 876 canalium
1480 828 1750 895 utriusque
1789 832 1962 885 lateris

326 912 534 969 format,
569 914 685 979 quia
718 913 773 961 in
808 913 1032 961 canalem
1069 912 1204 961 ossis
1238 910 1510 960 mastoidei
1546 928 1719 978 eoque
1750 915 1803 964 in
1837 917 1959 969 loco

323 998 380 1045 in
411 1013 472 1046 os
509 997 902 1047 canaliculatum
950 996 1241 1060 singulare,
1292 995 1431 1059 quod
1473 1010 1531 1046 os
1564 1003 1962 1062 zygomaticum

323 1088 377 1132 et
409 1083 755 1132 mastoideum
791 1081 1096 1148 conjungit,
1132 1080 1362 1140 osculat,
1416 1081 1635 1152 ideoque
1667 1099 1785 1134 cum
1820 1089 1960 1137 ossis

324 1165 602 1215 mastoidei
628 1207 640 1226 ‚
697 1168 901 1216 ossium
946 1164 1339 1216 suborbitalium
1365 1200 1377 1221 ,
1453 1167 1588 1215 ossis
1637 1171 1962 1233 zygomatici

324 1248 746 1318 mandibulaeque
780 1250 1041 1301 canalibus
1076 1251 1440 1301 communicat.

515 1375 774 1443 Squmnae,

397 1481 480 1532 his
513 1496 724 1547 quoque
755 1479 964 1540 ossibus
998 1478 1401 1529 adnumerandae
1428 1516 1443 1541 ,
1492 1481 1728 1532 lamellae
1775 1499 1967 1552 parvae

316 1573 444 1617 sunt
476 1572 628 1631 atque
660 1566 795 1614 inter
827 1565 961 1614 cutis
996 1564 1210 1613 laminas
1245 1563 1488 1616 inclusae.
1552 1564 1847 1619 Secundum
1881 1589 1963 1621 ea—⁴

320 1666 435 1701 rum
467 1651 631 1700 situm
677 1647 844 1699 forma
886 1647 1153 1713 figuraque
1198 1648 1428 1698 maxime
1477 1650 1718 1712 variant,
1772 1656 1962 1721 ubique

317 1741 492 1785 autem
544 1732 852 1784 imbricatim
915 1731 1013 1782 sibi
1070 1731 1344 1798 impositae
1393 1739 1519 1782 sunt
1567 1749 1736 1799 eoque
1802 1740 1959 1803 piscis

318 1815 644 1885 superficiem
675 1821 939 1867 tueuntur.
959 1839 1023 1851 --
1054 1817 1195 1868 Inter
1228 1831 1413 1886 omnes
1447 1834 1568 1877 eae,
1607 1834 1736 1883 quae
1767 1820 1960 1873 forma-

319 1905 467 1953 tione
498 1918 590 1952 sua
624 1901 830 1968 propria
861 1902 1053 1949 lineam
1083 1901 1347 1952 lateralem
1380 1899 1647 1961 efficiunt,
1682 1905 1966 1967 praeclarae

318 1993 471 2047 sunt3
503 2001 624 2035 nam
657 1984 911 2050 cujusque
941 2000 1119 2034 earum
1152 1992 1345 2051 partem
1382 1985 1672 2046 dimidiam,
1708 2003 1837 2053 quae
1871 2008 1962 2041 an-

316 2074 477 2122 terior
500 2077 607 2129 est,
643 2068 836 2119 canalis
871 2069 1215 2118 membranam
1249 2083 1521 2119 mucosam
1545 2070 1813 2122 includens
1846 2090 1962 2142 per-

323 2156 494 2216 forat,
531 2155 646 2220 qui,
681 2156 770 2204 ubi
802 2156 857 2204 in
903 2168 1142 2217 squamae
1176 2153 1422 2218 parietem
1455 2161 1723 2206 externam
1757 2159 1957 2221 egredi-

316 2246 431 2299 tur,
465 2239 761 2298 Stolonem,
795 2251 1008 2288 mucum
1040 2246 1329 2302 gerentem,
1371 2244 1424 2286 in
1451 2239 1604 2303 piscis
1637 2240 1961 2318 superficiem

321 2324 429 2376 edit
471 2330 525 2374 et
569 2324 986 2374 membranaceus
1020 2332 1078 2374 ad
1120 2338 1382 2390 squamam
1417 2330 1721 2387 sequentem
1751 2328 1952 2383 transit.

414 2406 592 2459 Canali
634 2408 730 2457 illo
775 2409 832 2458 in
874 2423 1198 2476 squamarum
1242 2404 1509 2472 superficie
1542 2408 1724 2459 cristae
1773 2412 1954 2460 oriun-

320 2499 420 2553 tur,
451 2507 583 2559 quae
603 2494 996 2544 consociatione
1028 2509 1119 2542 sua
1146 2492 1334 2541 lineam
1352 2491 1610 2540 lateralem
1641 2493 1695 2542 in
1715 2493 1956 2543 directio-

318 2594 384 2629 ne
416 2577 522 2629 fere
553 2584 691 2632 recta
747 2578 807 2630 ad
838 2579 996 2630 latera
1030 2577 1261 2630 Farionis
1304 2576 1716 2642 progredientem
1754 2579 1949 2631 consti-2

321 2669 494 2720 tuunt.
