<?xml version="1.0" encoding="UTF-8"?>
<!DOCTYPE html PUBLIC "-//W3C//DTD XHTML 1.0 Transitional//EN"
    "http://www.w3.org/TR/xhtml1/DTD/xhtml1-transitional.dtd">
<html xmlns="http://www.w3.org/1999/xhtml" xml:lang="en" lang="en">
 <head>
  <title>
</title>
<meta http-equiv="Content-Type" content="text/html;charset=utf-8" />
  <meta name='ocr-system' content='tesseract 3.04.00' />
  <meta name='ocr-capabilities' content='ocr_page ocr_carea ocr_par ocr_line ocrx_word'/>
</head>
<body>
  <div class='ocr_page' id='page_1' title='image "./quaedamdehistori00z_0055.png"; bbox 0 0 2064 3706; ppageno 0'>
   <div class='ocr_carea' id='block_1_1' title="bbox 1607 251 1678 309">
    <p class='ocr_par' dir='ltr' id='par_1_1' title="bbox 1607 251 1678 309">
     <span class='ocr_line' id='line_1_1' title="bbox 1607 251 1678 309; baseline 0 0"><span class='ocrx_word' id='word_1_1' title='bbox 1607 251 1678 309; x_wconf 66' lang='lat'><strong>211</strong></span> 
     </span>
    </p>
   </div>
   <div class='ocr_carea' id='block_1_2' title="bbox 37 389 1693 3157">
    <p class='ocr_par' dir='ltr' id='par_1_2' title="bbox 57 389 1688 529">
     <span class='ocr_line' id='line_1_2' title="bbox 57 389 1688 451; baseline 0 -6"><span class='ocrx_word' id='word_1_2' title='bbox 57 406 230 445; x_wconf 84' lang='lat' dir='ltr'><strong>earum</strong></span> <span class='ocrx_word' id='word_1_3' title='bbox 257 393 410 443; x_wconf 86' lang='lat' dir='ltr'><strong>nimis</strong></span> <span class='ocrx_word' id='word_1_4' title='bbox 439 391 696 443; x_wconf 84' lang='lat' dir='ltr'><strong>variabilis</strong></span> <span class='ocrx_word' id='word_1_5' title='bbox 716 397 812 451; x_wconf 88' lang='lat' dir='ltr'><strong>est,</strong></span> <span class='ocrx_word' id='word_1_6' title='bbox 850 389 1130 442; x_wconf 77' lang='lat' dir='ltr'><strong>Rosenthal</strong></span> <span class='ocrx_word' id='word_1_7' title='bbox 1163 403 1346 442; x_wconf 78' lang='lat' dir='ltr'><strong>verum</strong></span> <span class='ocrx_word' id='word_1_8' title='bbox 1378 406 1483 442; x_wconf 91' lang='lat' dir='ltr'><strong>non</strong></span> <span class='ocrx_word' id='word_1_9' title='bbox 1502 391 1688 444; x_wconf 83' lang='lat' dir='ltr'><strong>habere</strong></span> 
     </span>
     <span class='ocr_line' id='line_1_3' title="bbox 58 465 686 529; baseline -0.006 0"><span class='ocrx_word' id='word_1_10' title='bbox 58 477 278 529; x_wconf 86' lang='lat' dir='ltr'><strong>videtur.</strong></span> <span class='ocrx_word' id='word_1_11' title='bbox 678 465 686 471; x_wconf 68' lang='lat'><strong>,.</strong></span> 
     </span>
    </p>

    <p class='ocr_par' dir='ltr' id='par_1_3' title="bbox 56 557 1689 792">
     <span class='ocr_line' id='line_1_4' title="bbox 154 557 1685 626; baseline 0 -16"><span class='ocrx_word' id='word_1_12' title='bbox 154 559 429 610; x_wconf 89' lang='lat' dir='ltr'><strong>Vertebrae</strong></span> <span class='ocrx_word' id='word_1_13' title='bbox 455 558 578 620; x_wconf 86' lang='lat' dir='ltr'><strong>hae,</strong></span> <span class='ocrx_word' id='word_1_14' title='bbox 613 576 743 626; x_wconf 89' lang='lat' dir='ltr'><strong>quae</strong></span> <span class='ocrx_word' id='word_1_15' title='bbox 777 567 950 611; x_wconf 89' lang='lat' dir='ltr'><strong>costas</strong></span> <span class='ocrx_word' id='word_1_16' title='bbox 986 565 1224 625; x_wconf 87' lang='lat' dir='ltr'><strong>portant,</strong></span> <span class='ocrx_word' id='word_1_17' title='bbox 1262 561 1424 610; x_wconf 87' lang='lat' dir='ltr'><strong>modo</strong></span> <span class='ocrx_word' id='word_1_18' title='bbox 1455 557 1551 608; x_wconf 88' lang='lat' dir='ltr'><strong>illo</strong></span> <span class='ocrx_word' id='word_1_19' title='bbox 1582 560 1685 623; x_wconf 83' lang='lat' dir='ltr'><strong>jam</strong></span> 
     </span>
     <span class='ocr_line' id='line_1_5' title="bbox 57 643 1689 704; baseline -0.001 -12"><span class='ocrx_word' id='word_1_20' title='bbox 57 643 217 692; x_wconf 88' lang='lat' dir='ltr'><strong>allato</strong></span> <span class='ocrx_word' id='word_1_21' title='bbox 252 659 371 691; x_wconf 89' lang='lat' dir='ltr'><strong>cum</strong></span> <span class='ocrx_word' id='word_1_22' title='bbox 397 645 646 694; x_wconf 88' lang='lat' dir='ltr'><strong>vertebris</strong></span> <span class='ocrx_word' id='word_1_23' title='bbox 681 645 823 704; x_wconf 87' lang='lat' dir='ltr'><strong>colli,</strong></span> <span class='ocrx_word' id='word_1_24' title='bbox 859 644 1112 695; x_wconf 84' lang='lat' dir='ltr'><strong>vertebris</strong></span> <span class='ocrx_word' id='word_1_25' title='bbox 1143 645 1436 694; x_wconf 87' lang='lat' dir='ltr'><strong>caudalibus</strong></span> <span class='ocrx_word' id='word_1_26' title='bbox 1475 651 1527 693; x_wconf 90' lang='lat' dir='ltr'><strong>et</strong></span> <span class='ocrx_word' id='word_1_27' title='bbox 1556 643 1689 692; x_wconf 86' lang='lat' dir='ltr'><strong>inter</strong></span> 
     </span>
     <span class='ocr_line' id='line_1_6' title="bbox 56 725 558 792; baseline 0.006 -16"><span class='ocrx_word' id='word_1_28' title='bbox 56 741 113 776; x_wconf 83' lang='lat' dir='ltr'><strong>se</strong></span> <span class='ocrx_word' id='word_1_29' title='bbox 149 725 558 792; x_wconf 83' lang='lat' dir='ltr'><strong>conjunguntur.</strong></span> 
     </span>
    </p>

    <p class='ocr_par' dir='ltr' id='par_1_4' title="bbox 49 809 1689 1212">
     <span class='ocr_line' id='line_1_7' title="bbox 137 809 1688 878; baseline 0 -18"><span class='ocrx_word' id='word_1_30' title='bbox 137 809 336 878; x_wconf 19' lang='lat' dir='ltr'><strong>*Earum</strong></span> <span class='ocrx_word' id='word_1_31' title='bbox 367 827 614 862; x_wconf 87' lang='lat' dir='ltr'><strong>numerus</strong></span> <span class='ocrx_word' id='word_1_32' title='bbox 647 811 917 876; x_wconf 78' lang='lat' dir='ltr'><strong>ambiguus</strong></span> <span class='ocrx_word' id='word_1_33' title='bbox 945 817 1049 867; x_wconf 85' lang='lat' dir='ltr'><strong>est,</strong></span> <span class='ocrx_word' id='word_1_34' title='bbox 1085 812 1247 860; x_wconf 90' lang='lat' dir='ltr'><strong>modo</strong></span> <span class='ocrx_word' id='word_1_35' title='bbox 1271 813 1487 876; x_wconf 78' lang='lat' dir='ltr'><strong>triginta</strong></span> <span class='ocrx_word' id='word_1_36' title='bbox 1514 826 1688 869; x_wconf 82' lang='lat' dir='ltr'><strong>unam,</strong></span> 
     </span>
     <span class='ocr_line' id='line_1_8' title="bbox 49 895 1678 962; baseline -0.001 -16"><span class='ocrx_word' id='word_1_37' title='bbox 49 896 212 946; x_wconf 90' lang='lat' dir='ltr'><strong>modo</strong></span> <span class='ocrx_word' id='word_1_38' title='bbox 244 924 299 932; x_wconf 89' lang='lat'><strong>-·</strong></span> <span class='ocrx_word' id='word_1_39' title='bbox 340 904 494 962; x_wconf 87' lang='lat' dir='ltr'><strong>atque</strong></span> <span class='ocrx_word' id='word_1_40' title='bbox 525 899 609 947; x_wconf 87' lang='lat' dir='ltr'><strong>hic</strong></span> <span class='ocrx_word' id='word_1_41' title='bbox 641 895 983 961; x_wconf 80' lang='lat' dir='ltr'><strong>frequentior,</strong></span> <span class='ocrx_word' id='word_1_42' title='bbox 1033 897 1245 962; x_wconf 84' lang='lat' dir='ltr'><strong>triginta</strong></span> <span class='ocrx_word' id='word_1_43' title='bbox 1276 903 1378 944; x_wconf 89' lang='lat' dir='ltr'><strong>tres</strong></span> <span class='ocrx_word' id='word_1_44' title='bbox 1406 903 1601 961; x_wconf 84' lang='lat' dir='ltr'><strong>aequat.</strong></span> <span class='ocrx_word' id='word_1_45' title='bbox 1633 923 1678 931; x_wconf 85' lang='lat'>—</span> 
     </span>
     <span class='ocr_line' id='line_1_9' title="bbox 53 978 1687 1046; baseline -0.002 -16"><span class='ocrx_word' id='word_1_46' title='bbox 53 980 242 1040; x_wconf 80' lang='lat' dir='ltr'>Quoad</span> <span class='ocrx_word' id='word_1_47' title='bbox 259 996 432 1030; x_wconf 89' lang='lat' dir='ltr'><strong>earum</strong></span> <span class='ocrx_word' id='word_1_48' title='bbox 453 981 862 1046; x_wconf 79' lang='lat' dir='ltr'>magnitudinem</span> <span class='ocrx_word' id='word_1_49' title='bbox 885 978 991 1029; x_wconf 88' lang='lat' dir='ltr'><strong>fere</strong></span> <span class='ocrx_word' id='word_1_50' title='bbox 1013 996 1196 1030; x_wconf 91' lang='lat' dir='ltr'><strong>omnes</strong></span> <span class='ocrx_word' id='word_1_51' title='bbox 1217 980 1352 1029; x_wconf 85' lang='lat' dir='ltr'><strong>inter</strong></span> <span class='ocrx_word' id='word_1_52' title='bbox 1368 995 1425 1030; x_wconf 86' lang='lat' dir='ltr'><strong>se</strong></span> <span class='ocrx_word' id='word_1_53' title='bbox 1455 979 1687 1046; x_wconf 78' lang='lat' dir='ltr'>aequales</span> 
     </span>
     <span class='ocr_line' id='line_1_10' title="bbox 51 1063 1689 1132; baseline 0.001 -20"><span class='ocrx_word' id='word_1_54' title='bbox 51 1072 192 1123; x_wconf 86' lang='lat' dir='ltr'><strong>sunt,</strong></span> <span class='ocrx_word' id='word_1_55' title='bbox 226 1065 297 1114; x_wconf 91' lang='lat' dir='ltr'><strong>ita</strong></span> <span class='ocrx_word' id='word_1_56' title='bbox 319 1080 450 1114; x_wconf 84' lang='lat' dir='ltr'><strong>vero</strong></span> <span class='ocrx_word' id='word_1_57' title='bbox 472 1075 547 1125; x_wconf 86' lang='lat' dir='ltr'><strong>ut,</strong></span> <span class='ocrx_word' id='word_1_58' title='bbox 583 1083 711 1132; x_wconf 90' lang='lat' dir='ltr'><strong>quae</strong></span> <span class='ocrx_word' id='word_1_59' title='bbox 744 1063 955 1113; x_wconf 86' lang='lat' dir='ltr'><strong>ultimae</strong></span> <span class='ocrx_word' id='word_1_60' title='bbox 975 1071 1112 1124; x_wconf 84' lang='lat' dir='ltr'><strong>sunt,</strong></span> <span class='ocrx_word' id='word_1_61' title='bbox 1149 1066 1396 1129; x_wconf 82' lang='lat' dir='ltr'>gradatim</span> <span class='ocrx_word' id='word_1_62' title='bbox 1421 1064 1689 1130; x_wconf 84' lang='lat' dir='ltr'><strong>paululum</strong></span> 
     </span>
     <span class='ocr_line' id='line_1_11' title="bbox 51 1148 693 1212; baseline 0.006 -15"><span class='ocrx_word' id='word_1_63' title='bbox 51 1148 278 1212; x_wconf 76' lang='lat' dir='ltr'><strong>majores</strong></span> <span class='ocrx_word' id='word_1_64' title='bbox 311 1165 367 1199; x_wconf 89' lang='lat' dir='ltr'><strong>se</strong></span> <span class='ocrx_word' id='word_1_65' title='bbox 400 1151 693 1203; x_wconf 74' lang='lat' dir='ltr'><strong>ostendant.</strong></span> 
     </span>
    </p>

    <p class='ocr_par' dir='ltr' id='par_1_5' title="bbox 40 1229 1692 1553">
     <span class='ocr_line' id='line_1_12' title="bbox 147 1229 1689 1300; baseline 0.001 -20"><span class='ocrx_word' id='word_1_66' title='bbox 147 1229 334 1296; x_wconf 85' lang='lat' dir='ltr'>Figura</span> <span class='ocrx_word' id='word_1_67' title='bbox 383 1242 534 1300; x_wconf 80' lang='lat' dir='ltr'><strong>atque</strong></span> <span class='ocrx_word' id='word_1_68' title='bbox 581 1250 760 1290; x_wconf 85' lang='lat' dir='ltr'><strong>earum</strong></span> <span class='ocrx_word' id='word_1_69' title='bbox 792 1230 994 1291; x_wconf 85' lang='lat' dir='ltr'><strong>forma,</strong></span> <span class='ocrx_word' id='word_1_70' title='bbox 1049 1248 1226 1299; x_wconf 87' lang='lat' dir='ltr'><strong>parum</strong></span> <span class='ocrx_word' id='word_1_71' title='bbox 1261 1234 1357 1284; x_wconf 84' lang='lat' dir='ltr'>sibi</span> <span class='ocrx_word' id='word_1_72' title='bbox 1395 1233 1689 1292; x_wconf 75' lang='lat' dir='ltr'><strong>dissimiliS‚</strong></span> 
     </span>
     <span class='ocr_line' id='line_1_13' title="bbox 44 1306 1692 1386; baseline 0.001 -20"><span class='ocrx_word' id='word_1_73' title='bbox 44 1317 122 1375; x_wconf 85' lang='lat' dir='ltr'><strong>ei,</strong></span> <span class='ocrx_word' id='word_1_74' title='bbox 156 1331 308 1381; x_wconf 89' lang='lat' dir='ltr'><strong>quam</strong></span> <span class='ocrx_word' id='word_1_75' title='bbox 340 1334 493 1385; x_wconf 90' lang='lat' dir='ltr'><strong>supra</strong></span> <span class='ocrx_word' id='word_1_76' title='bbox 516 1319 782 1386; x_wconf 87' lang='lat' dir='ltr'>descripsi,</span> <span class='ocrx_word' id='word_1_77' title='bbox 815 1319 1084 1368; x_wconf 82' lang='lat' dir='ltr'><strong>vertebrae</strong></span> <span class='ocrx_word' id='word_1_78' title='bbox 1117 1306 1241 1367; x_wconf 89' lang='lat' dir='ltr'><strong>colli</strong></span> <span class='ocrx_word' id='word_1_79' title='bbox 1276 1318 1530 1368; x_wconf 77' lang='lat' dir='ltr'><strong>secundae</strong></span> <span class='ocrx_word' id='word_1_80' title='bbox 1563 1335 1692 1368; x_wconf 87' lang='lat' dir='ltr'><strong>con-</strong></span> 
     </span>
     <span class='ocr_line' id='line_1_14' title="bbox 47 1401 1689 1470; baseline 0.001 -21"><span class='ocrx_word' id='word_1_81' title='bbox 47 1401 225 1460; x_wconf 86' lang='lat' dir='ltr'><strong>venit,</strong></span> <span class='ocrx_word' id='word_1_82' title='bbox 279 1417 377 1451; x_wconf 80' lang='lat' dir='ltr'><strong>sex</strong></span> <span class='ocrx_word' id='word_1_83' title='bbox 410 1419 501 1454; x_wconf 90' lang='lat' dir='ltr'><strong>seu</strong></span> <span class='ocrx_word' id='word_1_84' title='bbox 536 1411 763 1470; x_wconf 87' lang='lat' dir='ltr'><strong>septem,</strong></span> <span class='ocrx_word' id='word_1_85' title='bbox 817 1419 945 1468; x_wconf 85' lang='lat' dir='ltr'><strong>quae</strong></span> <span class='ocrx_word' id='word_1_86' title='bbox 977 1401 1192 1454; x_wconf 86' lang='lat' dir='ltr'><strong>ultimae</strong></span> <span class='ocrx_word' id='word_1_87' title='bbox 1226 1414 1375 1463; x_wconf 87' lang='lat' dir='ltr'><strong>sunt,</strong></span> <span class='ocrx_word' id='word_1_88' title='bbox 1412 1404 1689 1453; x_wconf 83' lang='lat' dir='ltr'><strong>·ve1·tebras</strong></span> 
     </span>
     <span class='ocr_line' id='line_1_15' title="bbox 40 1484 1005 1553; baseline -0.001 -14"><span class='ocrx_word' id='word_1_89' title='bbox 40 1484 212 1535; x_wconf 76' lang='lat' dir='ltr'><strong>anales</strong></span> <span class='ocrx_word' id='word_1_90' title='bbox 249 1513 305 1522; x_wconf 93' lang='lat'>—</span> <span class='ocrx_word' id='word_1_91' title='bbox 343 1487 628 1539; x_wconf 83' lang='lat' dir='ltr'><strong>Rosenthal</strong></span> <span class='ocrx_word' id='word_1_92' title='bbox 652 1517 719 1537; x_wconf 88' lang='lat'><strong>.--</strong></span> <span class='ocrx_word' id='word_1_93' title='bbox 757 1487 1005 1553; x_wconf 78' lang='lat' dir='ltr'><strong>excipias,</strong></span> 
     </span>
    </p>

    <p class='ocr_par' dir='ltr' id='par_1_6' title="bbox 41 1569 1693 1891">
     <span class='ocr_line' id='line_1_16' title="bbox 135 1569 1691 1631; baseline -0.001 -11"><span class='ocrx_word' id='word_1_94' title='bbox 135 1569 400 1624; x_wconf 86' lang='lat' dir='ltr'><strong>Cavitates</strong></span> <span class='ocrx_word' id='word_1_95' title='bbox 445 1589 535 1623; x_wconf 86' lang='lat' dir='ltr'><strong>eae</strong></span> <span class='ocrx_word' id='word_1_96' title='bbox 568 1572 872 1631; x_wconf 78' lang='lat' dir='ltr'><strong>inferioreS,</strong></span> <span class='ocrx_word' id='word_1_97' title='bbox 923 1573 978 1621; x_wconf 88' lang='lat' dir='ltr'><strong>in</strong></span> <span class='ocrx_word' id='word_1_98' title='bbox 1023 1586 1187 1620; x_wconf 87' lang='lat' dir='ltr'><strong>massa</strong></span> <span class='ocrx_word' id='word_1_99' title='bbox 1229 1570 1316 1620; x_wconf 88' lang='lat' dir='ltr'><strong>illa</strong></span> <span class='ocrx_word' id='word_1_100' title='bbox 1362 1586 1529 1618; x_wconf 84' lang='lat' dir='ltr'><strong>conos</strong></span> <span class='ocrx_word' id='word_1_101' title='bbox 1563 1586 1691 1619; x_wconf 89' lang='lat' dir='ltr'><strong>con-</strong></span> 
     </span>
     <span class='ocr_line' id='line_1_17' title="bbox 43 1651 1691 1723; baseline 0.001 -23"><span class='ocrx_word' id='word_1_102' title='bbox 43 1651 293 1719; x_wconf 72' lang='lat' dir='ltr'><strong>jungente</strong></span> <span class='ocrx_word' id='word_1_103' title='bbox 327 1672 476 1706; x_wconf 89' lang='lat' dir='ltr'><strong>ossea</strong></span> <span class='ocrx_word' id='word_1_104' title='bbox 510 1657 814 1723; x_wconf 83' lang='lat' dir='ltr'><strong>impressae,</strong></span> <span class='ocrx_word' id='word_1_105' title='bbox 851 1655 1209 1719; x_wconf 81' lang='lat' dir='ltr'><strong>magnitudine</strong></span> <span class='ocrx_word' id='word_1_106' title='bbox 1241 1655 1536 1712; x_wconf 79' lang='lat' dir='ltr'><strong>excellunt,</strong></span> <span class='ocrx_word' id='word_1_107' title='bbox 1571 1670 1691 1703; x_wconf 87' lang='lat' dir='ltr'><strong>nam</strong></span> 
     </span>
     <span class='ocr_line' id='line_1_18' title="bbox 43 1737 1693 1806; baseline 0 -21"><span class='ocrx_word' id='word_1_108' title='bbox 43 1745 305 1788; x_wconf 88' lang='lat' dir='ltr'><strong>costarum</strong></span> <span class='ocrx_word' id='word_1_109' title='bbox 330 1741 564 1806; x_wconf 87' lang='lat' dir='ltr'><strong>capitula,</strong></span> <span class='ocrx_word' id='word_1_110' title='bbox 599 1756 724 1805; x_wconf 86' lang='lat' dir='ltr'><strong>quae</strong></span> <span class='ocrx_word' id='word_1_111' title='bbox 756 1739 1040 1805; x_wconf 86' lang='lat' dir='ltr'><strong>recipienda</strong></span> <span class='ocrx_word' id='word_1_112' title='bbox 1074 1749 1213 1798; x_wconf 87' lang='lat' dir='ltr'><strong>sunt,</strong></span> <span class='ocrx_word' id='word_1_113' title='bbox 1248 1739 1437 1790; x_wconf 87' lang='lat' dir='ltr'><strong>sensim</strong></span> <span class='ocrx_word' id='word_1_114' title='bbox 1475 1737 1693 1788; x_wconf 84' lang='lat' dir='ltr'><strong>sensim-</strong></span> 
     </span>
     <span class='ocr_line' id='line_1_19' title="bbox 41 1823 1689 1891; baseline -0.001 -20"><span class='ocrx_word' id='word_1_115' title='bbox 41 1837 141 1888; x_wconf 87' lang='lat' dir='ltr'><strong>que</strong></span> <span class='ocrx_word' id='word_1_116' title='bbox 173 1831 448 1888; x_wconf 80' lang='lat' dir='ltr'><strong>augentur,</strong></span> <span class='ocrx_word' id='word_1_117' title='bbox 484 1824 733 1891; x_wconf 84' lang='lat' dir='ltr'><strong>majorem</strong></span> <span class='ocrx_word' id='word_1_118' title='bbox 770 1839 979 1890; x_wconf 89' lang='lat' dir='ltr'><strong>quoque</strong></span> <span class='ocrx_word' id='word_1_119' title='bbox 1010 1823 1185 1874; x_wconf 85' lang='lat' dir='ltr'><strong>locum</strong></span> <span class='ocrx_word' id='word_1_120' title='bbox 1217 1823 1403 1873; x_wconf 87' lang='lat' dir='ltr'><strong>habere</strong></span> <span class='ocrx_word' id='word_1_121' title='bbox 1435 1839 1568 1890; x_wconf 88' lang='lat' dir='ltr'><strong>opus</strong></span> <span class='ocrx_word' id='word_1_122' title='bbox 1595 1830 1689 1870; x_wconf 89' lang='lat' dir='ltr'><strong>est·</strong></span> 
     </span>
    </p>

    <p class='ocr_par' dir='ltr' id='par_1_7' title="bbox 39 1905 1693 2133">
     <span class='ocr_line' id='line_1_20' title="bbox 134 1905 1692 1975; baseline 0 -19"><span class='ocrx_word' id='word_1_123' title='bbox 134 1905 326 1958; x_wconf 83' lang='lat' dir='ltr'><strong>Fossae</strong></span> <span class='ocrx_word' id='word_1_124' title='bbox 357 1926 473 1966; x_wconf 90' lang='lat' dir='ltr'><strong>eae,</strong></span> <span class='ocrx_word' id='word_1_125' title='bbox 510 1924 641 1975; x_wconf 88' lang='lat' dir='ltr'><strong>quae</strong></span> <span class='ocrx_word' id='word_1_126' title='bbox 672 1923 822 1975; x_wconf 87' lang='lat' dir='ltr'><strong>supra</strong></span> <span class='ocrx_word' id='word_1_127' title='bbox 854 1916 1006 1966; x_wconf 83' lang='lat' dir='ltr'><strong>sunt.</strong></span> <span class='ocrx_word' id='word_1_128' title='bbox 1056 1910 1272 1958; x_wconf 87' lang='lat' dir='ltr'><strong>minime</strong></span> <span class='ocrx_word' id='word_1_129' title='bbox 1303 1907 1532 1967; x_wconf 81' lang='lat' dir='ltr'><strong>variant,</strong></span> <span class='ocrx_word' id='word_1_130' title='bbox 1572 1921 1692 1957; x_wconf 86' lang='lat' dir='ltr'><strong>curn</strong></span> 
     </span>
     <span class='ocr_line' id='line_1_21' title="bbox 40 1991 1693 2060; baseline -0.001 -17"><span class='ocrx_word' id='word_1_131' title='bbox 40 2001 95 2043; x_wconf 87' lang='lat' dir='ltr'><strong>et</strong></span> <span class='ocrx_word' id='word_1_132' title='bbox 144 2008 485 2059; x_wconf 80' lang='lat' dir='ltr'><strong>processuum</strong></span> <span class='ocrx_word' id='word_1_133' title='bbox 532 1993 871 2060; x_wconf 86' lang='lat' dir='ltr'><strong>spinosorum</strong></span> <span class='ocrx_word' id='word_1_134' title='bbox 924 1993 1145 2060; x_wconf 81' lang='lat' dir='ltr'><strong>capitula</strong></span> <span class='ocrx_word' id='word_1_135' title='bbox 1190 1992 1337 2042; x_wconf 83' lang='lat' dir='ltr'><strong>nullo</strong></span> <span class='ocrx_word' id='word_1_136' title='bbox 1370 1991 1533 2041; x_wconf 90' lang='lat' dir='ltr'><strong>modo</strong></span> <span class='ocrx_word' id='word_1_137' title='bbox 1577 2008 1693 2041; x_wconf 87' lang='lat' dir='ltr'><strong>sese</strong></span> 
     </span>
     <span class='ocr_line' id='line_1_22' title="bbox 39 2084 362 2133; baseline 0.006 -7"><span class='ocrx_word' id='word_1_138' title='bbox 39 2084 264 2133; x_wconf 75' lang='lat' dir='ltr'><strong>mutant.</strong></span> <span class='ocrx_word' id='word_1_139' title='bbox 297 2108 362 2119; x_wconf 92' lang='lat'><strong>—</strong></span> 
     </span>
    </p>

    <p class='ocr_par' dir='ltr' id='par_1_8' title="bbox 37 2159 1690 3157">
     <span class='ocr_line' id='line_1_23' title="bbox 137 2159 1690 2228; baseline -0.004 -14"><span class='ocrx_word' id='word_1_140' title='bbox 137 2159 501 2214; x_wconf 85' lang='lat' dir='ltr'><strong>Vertebrarurn</strong></span> <span class='ocrx_word' id='word_1_141' title='bbox 534 2176 630 2212; x_wconf 83' lang='lat' dir='ltr'><strong>sex</strong></span> <span class='ocrx_word' id='word_1_142' title='bbox 663 2176 760 2212; x_wconf 88' lang='lat' dir='ltr'><strong>seu</strong></span> <span class='ocrx_word' id='word_1_143' title='bbox 792 2170 987 2228; x_wconf 86' lang='lat' dir='ltr'><strong>septem</strong></span> <span class='ocrx_word' id='word_1_144' title='bbox 1022 2167 1340 2213; x_wconf 83' lang='lat' dir='ltr'><strong>costatarum</strong></span> <span class='ocrx_word' id='word_1_145' title='bbox 1373 2159 1588 2209; x_wconf 86' lang='lat' dir='ltr'><strong>ultimae</strong></span> <span class='ocrx_word' id='word_1_146' title='bbox 1623 2175 1690 2209; x_wconf 86' lang='lat' dir='ltr'><strong>eo</strong></span> 
     </span>
     <span class='ocr_line' id='line_1_24' title="bbox 41 2243 1688 2314; baseline -0.001 -20"><span class='ocrx_word' id='word_1_147' title='bbox 41 2243 471 2310; x_wconf 84' lang='lat' dir='ltr'><strong>distinguuntur,</strong></span> <span class='ocrx_word' id='word_1_148' title='bbox 516 2247 655 2314; x_wconf 89' lang='lat' dir='ltr'><strong>quod</strong></span> <span class='ocrx_word' id='word_1_149' title='bbox 690 2253 952 2296; x_wconf 87' lang='lat' dir='ltr'><strong>costarum</strong></span> <span class='ocrx_word' id='word_1_150' title='bbox 981 2263 1190 2298; x_wconf 86' lang='lat' dir='ltr'><strong>suarum·</strong></span> <span class='ocrx_word' id='word_1_151' title='bbox 1223 2244 1443 2312; x_wconf 84' lang='lat' dir='ltr'><strong>capitula</strong></span> <span class='ocrx_word' id='word_1_152' title='bbox 1475 2244 1688 2309; x_wconf 84' lang='lat' dir='ltr'><strong>prolon-</strong></span> 
     </span>
     <span class='ocr_line' id='line_1_25' title="bbox 39 2328 1689 2397; baseline -0.001 -19"><span class='ocrx_word' id='word_1_153' title='bbox 39 2337 159 2395; x_wconf 85' lang='lat' dir='ltr'><strong>gata</strong></span> <span class='ocrx_word' id='word_1_154' title='bbox 177 2345 476 2395; x_wconf 84' lang='lat' dir='ltr'><strong>processum</strong></span> <span class='ocrx_word' id='word_1_155' title='bbox 510 2330 783 2397; x_wconf 85' lang='lat' dir='ltr'><strong>quemdam</strong></span> <span class='ocrx_word' id='word_1_156' title='bbox 817 2330 1074 2393; x_wconf 84' lang='lat' dir='ltr'><strong>forment,</strong></span> <span class='ocrx_word' id='word_1_157' title='bbox 1108 2333 1169 2381; x_wconf 89' lang='lat' dir='ltr'><strong>ad</strong></span> <span class='ocrx_word' id='word_1_158' title='bbox 1189 2347 1341 2397; x_wconf 86' lang='lat' dir='ltr'><strong>quern</strong></span> <span class='ocrx_word' id='word_1_159' title='bbox 1376 2340 1550 2379; x_wconf 74' lang='lat' dir='ltr'><strong>costae</strong></span> <span class='ocrx_word' id='word_1_160' title='bbox 1585 2328 1689 2378; x_wconf 86' lang='lat' dir='ltr'><strong>fere</strong></span> 
     </span>
     <span class='ocr_line' id='line_1_26' title="bbox 37 2413 1690 2484; baseline -0.001 -20"><span class='ocrx_word' id='word_1_161' title='bbox 37 2413 333 2464; x_wconf 82' lang='lat' dir='ltr'><strong>immobiles</strong></span> <span class='ocrx_word' id='word_1_162' title='bbox 358 2414 650 2479; x_wconf 79' lang='lat' dir='ltr'><strong>ligamentis</strong></span> <span class='ocrx_word' id='word_1_163' title='bbox 668 2422 889 2477; x_wconf 85' lang='lat' dir='ltr'><strong>tantum,</strong></span> <span class='ocrx_word' id='word_1_164' title='bbox 933 2432 1252 2484; x_wconf 86' lang='lat' dir='ltr'><strong>nequaquam</strong></span> <span class='ocrx_word' id='word_1_165' title='bbox 1288 2431 1417 2466; x_wconf 88' lang='lat' dir='ltr'><strong>vero</strong></span> <span class='ocrx_word' id='word_1_166' title='bbox 1453 2414 1690 2463; x_wconf 86' lang='lat' dir='ltr'><strong>articula-</strong></span> 
     </span>
     <span class='ocr_line' id='line_1_27' title="bbox 39 2499 1683 2567; baseline 0 -20"><span class='ocrx_word' id='word_1_167' title='bbox 39 2499 193 2548; x_wconf 85' lang='lat' dir='ltr'><strong>tione</strong></span> <span class='ocrx_word' id='word_1_168' title='bbox 237 2499 521 2564; x_wconf 84' lang='lat' dir='ltr'><strong>praeditae,</strong></span> <span class='ocrx_word' id='word_1_169' title='bbox 581 2500 826 2566; x_wconf 76' lang='lat' dir='ltr'><strong>alligatae</strong></span> <span class='ocrx_word' id='word_1_170' title='bbox 868 2501 1000 2561; x_wconf 81' lang='lat' dir='ltr'><strong>sint3</strong></span> <span class='ocrx_word' id='word_1_171' title='bbox 1067 2516 1290 2567; x_wconf 86' lang='lat' dir='ltr'><strong>quorum</strong></span> <span class='ocrx_word' id='word_1_172' title='bbox 1339 2499 1683 2565; x_wconf 84' lang='lat' dir='ltr'><strong>capitulorum</strong></span> 
     </span>
     <span class='ocr_line' id='line_1_28' title="bbox 40 2583 1681 2651; baseline 0 -19"><span class='ocrx_word' id='word_1_173' title='bbox 40 2598 192 2649; x_wconf 85' lang='lat' dir='ltr'><strong>saepe</strong></span> <span class='ocrx_word' id='word_1_174' title='bbox 241 2583 523 2644; x_wconf 88' lang='lat' dir='ltr'><strong>nonnulla,</strong></span> <span class='ocrx_word' id='word_1_175' title='bbox 582 2585 842 2637; x_wconf 86' lang='lat' dir='ltr'><strong>interdum</strong></span> <span class='ocrx_word' id='word_1_176' title='bbox 892 2587 1070 2636; x_wconf 86' lang='lat' dir='ltr'><strong>omnia</strong></span> <span class='ocrx_word' id='word_1_177' title='bbox 1117 2587 1222 2651; x_wconf 79' lang='lat' dir='ltr'><strong>jam</strong></span> <span class='ocrx_word' id='word_1_178' title='bbox 1257 2585 1512 2635; x_wconf 82' lang='lat' dir='ltr'><strong>vertebris</strong></span> <span class='ocrx_word' id='word_1_179' title='bbox 1556 2599 1681 2633; x_wconf 86' lang='lat' dir='ltr'><strong>con-</strong></span> 
     </span>
     <span class='ocr_line' id='line_1_29' title="bbox 42 2656 1681 2737; baseline 0 -19"><span class='ocrx_word' id='word_1_180' title='bbox 42 2675 184 2718; x_wconf 85' lang='lat' dir='ltr'><strong>creta</strong></span> <span class='ocrx_word' id='word_1_181' title='bbox 214 2656 364 2727; x_wconf 82' lang='lat' dir='ltr'><strong>sunt,</strong></span> <span class='ocrx_word' id='word_1_182' title='bbox 409 2675 586 2734; x_wconf 86' lang='lat' dir='ltr'><strong>atque,</strong></span> <span class='ocrx_word' id='word_1_183' title='bbox 631 2670 677 2720; x_wconf 89' lang='lat' dir='ltr'><strong>si</strong></span> <span class='ocrx_word' id='word_1_184' title='bbox 710 2671 780 2721; x_wconf 87' lang='lat' dir='ltr'><strong>ita</strong></span> <span class='ocrx_word' id='word_1_185' title='bbox 814 2687 871 2722; x_wconf 87' lang='lat' dir='ltr'><strong>se</strong></span> <span class='ocrx_word' id='word_1_186' title='bbox 902 2670 1119 2730; x_wconf 89' lang='lat' dir='ltr'><strong>habeat,</strong></span> <span class='ocrx_word' id='word_1_187' title='bbox 1151 2670 1496 2737; x_wconf 82' lang='lat' dir='ltr'><strong>capitulorum</strong></span> <span class='ocrx_word' id='word_1_188' title='bbox 1531 2684 1681 2719; x_wconf 73' lang='lat' dir='ltr'><strong>cacu-</strong></span> 
     </span>
     <span class='ocr_line' id='line_1_30' title="bbox 39 2752 1681 2824; baseline 0.001 -23"><span class='ocrx_word' id='word_1_189' title='bbox 39 2752 180 2802; x_wconf 87' lang='lat' dir='ltr'><strong>mina</strong></span> <span class='ocrx_word' id='word_1_190' title='bbox 222 2753 538 2820; x_wconf 86' lang='lat' dir='ltr'><strong>prolongata</strong></span> <span class='ocrx_word' id='word_1_191' title='bbox 568 2757 838 2809; x_wconf 85' lang='lat' dir='ltr'><strong>vertebrae</strong></span> <span class='ocrx_word' id='word_1_192' title='bbox 886 2758 1045 2808; x_wconf 87' lang='lat' dir='ltr'><strong>unius</strong></span> <span class='ocrx_word' id='word_1_193' title='bbox 1102 2755 1199 2808; x_wconf 85' lang='lat' dir='ltr'><strong>filo</strong></span> <span class='ocrx_word' id='word_1_194' title='bbox 1246 2755 1470 2824; x_wconf 86' lang='lat' dir='ltr'><strong>quodam</strong></span> <span class='ocrx_word' id='word_1_195' title='bbox 1520 2769 1681 2805; x_wconf 84' lang='lat' dir='ltr'><strong>osseo</strong></span> 
     </span>
     <span class='ocr_line' id='line_1_31' title="bbox 42 2836 1678 2908; baseline 0.002 -23"><span class='ocrx_word' id='word_1_196' title='bbox 42 2836 232 2886; x_wconf 88' lang='lat' dir='ltr'><strong>adnato</strong></span> <span class='ocrx_word' id='word_1_197' title='bbox 266 2836 402 2888; x_wconf 84' lang='lat' dir='ltr'><strong>inter</strong></span> <span class='ocrx_word' id='word_1_198' title='bbox 435 2853 491 2886; x_wconf 88' lang='lat' dir='ltr'><strong>se</strong></span> <span class='ocrx_word' id='word_1_199' title='bbox 524 2842 942 2902; x_wconf 85' lang='lat' dir='ltr'><strong>communicant,</strong></span> <span class='ocrx_word' id='word_1_200' title='bbox 999 2856 1104 2908; x_wconf 86' lang='lat' dir='ltr'><strong>quo</strong></span> <span class='ocrx_word' id='word_1_201' title='bbox 1139 2840 1371 2892; x_wconf 81' lang='lat' dir='ltr'><strong>foramen</strong></span> <span class='ocrx_word' id='word_1_202' title='bbox 1405 2849 1458 2891; x_wconf 88' lang='lat' dir='ltr'><strong>et</strong></span> <span class='ocrx_word' id='word_1_203' title='bbox 1490 2839 1678 2890; x_wconf 82' lang='lat' dir='ltr'><strong>canalis</strong></span> 
     </span>
     <span class='ocr_line' id='line_1_32' title="bbox 38 2919 1678 2993; baseline 0.002 -25"><span class='ocrx_word' id='word_1_204' title='bbox 38 2919 247 2980; x_wconf 86' lang='lat' dir='ltr'><strong>oritur,</strong></span> <span class='ocrx_word' id='word_1_205' title='bbox 298 2922 348 2972; x_wconf 89' lang='lat' dir='ltr'><strong>ei</strong></span> <span class='ocrx_word' id='word_1_206' title='bbox 390 2923 602 2984; x_wconf 77' lang='lat' dir='ltr'><strong>similiS,</strong></span> <span class='ocrx_word' id='word_1_207' title='bbox 651 2941 806 2993; x_wconf 88' lang='lat' dir='ltr'><strong>quern</strong></span> <span class='ocrx_word' id='word_1_208' title='bbox 838 2929 895 2979; x_wconf 90' lang='lat' dir='ltr'><strong>in</strong></span> <span class='ocrx_word' id='word_1_209' title='bbox 926 2927 1180 2980; x_wconf 79' lang='lat' dir='ltr'><strong>vertebris</strong></span> <span class='ocrx_word' id='word_1_210' title='bbox 1223 2926 1516 2977; x_wconf 81' lang='lat' dir='ltr'><strong>caudalibus</strong></span> <span class='ocrx_word' id='word_1_211' title='bbox 1558 2939 1678 2991; x_wconf 87' lang='lat' dir='ltr'><strong>pro-</strong></span> 
     </span>
     <span class='ocr_line' id='line_1_33' title="bbox 38 3007 1674 3082; baseline 0 -26"><span class='ocrx_word' id='word_1_212' title='bbox 38 3020 281 3057; x_wconf 89' lang='lat' dir='ltr'><strong>cessuum</strong></span> <span class='ocrx_word' id='word_1_213' title='bbox 330 3007 637 3062; x_wconf 85' lang='lat' dir='ltr'><strong>inferiorum</strong></span> <span class='ocrx_word' id='word_1_214' title='bbox 695 3026 842 3063; x_wconf 87' lang='lat' dir='ltr'><strong>crura</strong></span> <span class='ocrx_word' id='word_1_215' title='bbox 872 3013 1133 3076; x_wconf 85' lang='lat' dir='ltr'><strong>formant,</strong></span> <span class='ocrx_word' id='word_1_216' title='bbox 1192 3027 1446 3082; x_wconf 88' lang='lat' dir='ltr'><strong>quemque</strong></span> <span class='ocrx_word' id='word_1_217' title='bbox 1494 3008 1674 3060; x_wconf 83' lang='lat' dir='ltr'><strong>arteria</strong></span> 
     </span>
     <span class='ocr_line' id='line_1_34' title="bbox 39 3093 478 3157; baseline 0.016 -17"><span class='ocrx_word' id='word_1_218' title='bbox 39 3099 184 3141; x_wconf 87' lang='lat' dir='ltr'><strong>aorta</strong></span> <span class='ocrx_word' id='word_1_219' title='bbox 214 3093 478 3157; x_wconf 85' lang='lat' dir='ltr'><strong>percurrit.</strong></span> 
     </span>
    </p>
   </div>
   <div class='ocr_carea' id='block_1_3' title="bbox 131 3173 1672 3250">
    <p class='ocr_par' dir='ltr' id='par_1_9' title="bbox 131 3173 1672 3250">
     <span class='ocr_line' id='line_1_35' title="bbox 131 3173 1672 3250; baseline 0.008 -25"><span class='ocrx_word' id='word_1_220' title='bbox 131 3173 296 3228; x_wconf 85' lang='lat' dir='ltr'><strong>Filum</strong></span> <span class='ocrx_word' id='word_1_221' title='bbox 329 3177 462 3230; x_wconf 88' lang='lat' dir='ltr'><strong>illud</strong></span> <span class='ocrx_word' id='word_1_222' title='bbox 492 3195 699 3234; x_wconf 75' lang='lat' dir='ltr'><strong>osseum</strong></span> <span class='ocrx_word' id='word_1_223' title='bbox 736 3183 988 3250; x_wconf 80' lang='lat' dir='ltr'><strong>gradatim</strong></span> <span class='ocrx_word' id='word_1_224' title='bbox 1022 3199 1078 3235; x_wconf 89' lang='lat' dir='ltr'><strong>se</strong></span> <span class='ocrx_word' id='word_1_225' title='bbox 1112 3185 1403 3239; x_wconf 82' lang='lat' dir='ltr'><strong>contrahit,</strong></span> <span class='ocrx_word' id='word_1_226' title='bbox 1447 3196 1553 3248; x_wconf 86' lang='lat' dir='ltr'><strong>quo</strong></span> <span class='ocrx_word' id='word_1_227' title='bbox 1584 3181 1672 3238; x_wconf 73' lang='lat' dir='ltr'><strong>fit,</strong></span> 
     </span>
    </p>
   </div>
  </div>
 </body>
</html>
