2064 3706
384 222 460 281 32

382 377 508 428 quas
541 360 741 412 canales
777 360 1101 410 membranae
1134 372 1380 408 mucosae
1414 361 1715 423 percnrrunt
1736 392 1749 418 ,
1812 368 2028 422 quarum

378 455 642 514 aperturae
676 446 963 495 anteriores
997 438 1047 494 in
1072 444 1262 495 frontis
1296 440 1566 507 superficie
1598 442 1866 508 adparent,
1899 443 2026 492 dum

380 533 697 598 posteriores
730 529 1278 594 ossibusquibusdam
1313 523 1663 576 canaliculatis
1709 527 2032 576 intercedem

377 618 518 666 tibns
550 632 670 665 curn
703 616 905 664 ossium
938 614 1403 680 zygomaticorum
1440 612 1697 660 canalibus
1733 607 2031 661 communi-

382 706 515 750 cant.
578 699 739 760 Juxta
771 701 1041 750 cristarum
1075 696 1279 747 illarum
1313 697 1458 747 basin
1492 691 1667 746 fossae
1700 696 2030 761 reperiuntur

378 784 808 850 longitudinaleS,
846 799 976 849 quae
1011 780 1147 831 ossis
1180 782 1409 847 quadrati
1443 782 1703 848 condylos
1737 780 2028 831 articulares

377 869 648 935 recipiunt.
734 869 866 921 Ossa
911 867 1197 919 mastoidea
1247 866 1425 919 nervis
1469 866 1716 932 vasisque
1763 880 1875 916 non
1909 871 2033 915 sunt

373 968 568 1020 pervia.

472 1066 555 1114 16.
605 1076 692 1130 17.
767 1059 896 1115 Ossa
928 1056 1219 1128 breg-matis,

477 1147 728 1213 Squamae
754 1147 1092 1213 triangulares
1130 1156 1283 1212 atque
1316 1145 1497 1213 planae
1536 1147 1688 1201 sunt,
1735 1155 1867 1206 quae
1909 1154 2032 1189 cum

377 1233 584 1282 ossium
606 1232 915 1283 frontalium
949 1231 1264 1296 marginibus
1281 1228 1658 1296 posterioribus
1692 1224 2028 1276 confirmatae

377 1323 433 1365 et
466 1325 606 1366 retro
639 1317 910 1367 tendentes
946 1316 1268 1381 cartilagini,
1314 1327 1616 1379 processum
1650 1309 1788 1358 ossis
1831 1307 2030 1375 petrosi

377 1401 662 1467 superioris
685 1408 840 1468 atque
859 1413 1123 1467 squamam
1142 1399 1381 1466 occipitis
1399 1395 1685 1461 colliganti,
1700 1393 2026 1444 incumbunt.

478 1485 675 1536 Ambae
707 1485 980 1553 processui
1026 1485 1245 1551 spinoso
1280 1479 1657 1548 comparandae
1688 1493 1841 1538 sunt,
1884 1477 2033 1528 ideo-

381 1583 485 1635 que
517 1571 808 1621 vertebram
841 1570 999 1620 cranii
1031 1567 1311 1618 secundam
1345 1565 1611 1616 claudunt.

481 1681 564 1731 18·
629 1673 930 1724 ossiculum
973 1673 1131 1733 illud,
1175 1674 1237 1722 de
1284 1686 1391 1736 quo
1435 1684 1587 1736 supra
1631 1668 1847 1717 locutus
1894 1677 2032 1725 sum,

381 1757 556 1808 fulcro
592 1758 789 1818 simile,
838 1758 979 1825 quod
1019 1755 1350 1825 processibus
1395 1753 1504 1802 suis
1538 1751 1761 1818 partium
1794 1757 2032 1817 petrosa-

375 1858 493 1893 rum
525 1841 834 1892 inferiorum
881 1840 1094 1890 laminas
1127 1842 1352 1890 internas
1387 1837 1598 1901 attingit
1632 1841 1788 1900 atque
1820 1842 2031 1885 susten-

375 1933 481 1988 tat,
516 1925 602 1975 hic
624 1934 776 1992 atque
802 1940 1058 1990 nusquam
1081 1924 1268 1973 melius
1292 1919 1811 1972 commemorandum
1836 1926 1936 1976 est.

473 2011 677 2076 Corpus
715 2009 828 2077 ejus
871 2009 1087 2073 longius
1122 2014 1274 2073 atque
1307 2007 1520 2073 planum
1555 2004 1690 2053 ossis
1724 2003 2031 2070 sphenoidei

375 2097 589 2164 corpori
625 2094 794 2146 massa
827 2091 1298 2159 fibrocartilaginea
1343 2087 1916 2140 intercedenteinsidet
1949 2106 2032 2140 re·

377 2190 565 2249 troque
598 2180 842 2231 ascendit.
881 2207 937 2216 —
978 2177 1326 2226 Processuum
1361 2168 1473 2240 ejus
1507 2171 1674 2238 paries
1707 2173 1942 2236 superior
1976 2176 2034 2225 in

378 2267 539 2317 cranii
573 2265 884 2324 cavitatem,
929 2262 1078 2326 cujus
1114 2260 1335 2310 fundum
1367 2257 1554 2325 partim
1589 2255 1833 2316 conficit,
1889 2275 2035 2323 spec-

380 2357 461 2402 tat
494 2356 650 2416 atque
682 2350 736 2400 in
771 2365 830 2398 ea
863 2346 1105 2413 glandula
1137 2342 1352 2412 pinealis
1387 2342 1547 2391 situm
1572 2339 1742 2402 habet,
1780 2357 2034 2410 superque

377 2433 512 2486 hanc
544 2449 638 2503 per
684 2433 844 2484 cranii
890 2438 1178 2498 aperturam
1219 2440 1461 2493 magnam
1510 2433 1664 2491 atque
1699 2427 2032 2485 anteriorem,

379 2520 515 2571 inter
547 2518 706 2584 hujus
737 2518 874 2567 ossis
907 2530 1182 2583 processus
1219 2515 1455 2575 interque
1489 2510 1594 2560 alas
1619 2509 1842 2577 majores
1866 2523 2035 2563 rema·

378 2611 620 2662 nentem,
651 2602 809 2654 nervi
842 2602 1005 2666 optici
1038 2602 1099 2651 ad
1134 2598 1320 2649 oculos
1354 2603 1637 2647 transeunt.

473 2690 563 2742 Ex
605 2693 709 2738 situ
758 2687 975 2737 ossiculi
1009 2686 1385 2750 functioneque
1429 2696 1521 2731 sua
1567 2694 1664 2748 pro
1700 2680 1839 2729 ossis
1874 2681 2030 2748 sphe-

380 2774 559 2826 noidei
611 2777 757 2840 parte
803 2769 1095 2821 habendum
1149 2784 1262 2820 esse
1312 2781 1532 2828 censeO,
1599 2765 1758 2816 sellae
1808 2767 2029 2818 forsitan

381 2860 609 2910 turcicae
631 2856 872 2922 analoga,
906 2857 1131 2921 ideoque
1163 2869 1283 2904 curn
1306 2850 1649 2904 Rosenthalio
1674 2851 1745 2916 ¹),
1781 2853 1869 2918 qui
1901 2851 2030 2903 illud

449 3054 501 3112 1)
549 3057 840 3115 Ichthyotom.
873 3058 1042 3103 Tal‘eln.
1089 3058 1211 3103 ΒΘΗ.
1245 3055 1386 3097 1812.
1441 3053 1534 3098 Hft.
1559 3054 1605 3104 2,
1655 3067 1697 3108 p.
1731 3044 1805 3094 84.
1841 3051 2027 3096 ΤεῖΝΙ.

546 3142 618 3199 fig.
649 3144 696 3191 9.
731 3143 777 3189 3.
