2064 3706
1602 247 1681 307 29

144 379 417 434 processus
446 381 805 447 cartilagineus
835 384 971 435 inter
999 384 1136 434 ossis
1167 381 1441 432 mastoidei
1473 382 1693 436 limbum

50 462 305 516 internum
353 465 650 531 longiorem
695 467 936 534 interque
987 484 1050 517 os
1097 467 1374 533 bregrnatis
1419 479 1587 531 usque
1632 470 1695 520 ad

42 536 111 599 ¹uos
144 550 336 599 frontis
380 550 661 614 porrigitur
702 557 754 601 et
792 552 951 601 cranii
992 560 1298 617 aperturam,
1333 564 1462 618 quae
1494 551 1582 602 hic
1614 567 1697 604 re-

49 640 304 693 maneret,
342 635 588 687 occludit.

145 736 244 786 His
278 737 332 786 in
363 739 568 790 ossibus
593 739 848 790 foramina
881 737 1026 789 vasis
1059 751 1150 785 seu
1181 738 1355 787 nervis
1388 740 1565 806 pervia
1585 755 1698 790 non
1773 782 1781 787 .

51 821 449 880 animadvertaS,
515 823 716 889 Corpus
744 830 915 872 autem
943 836 1154 871 osseum
1189 821 1416 872 canalem
1440 825 1697 884 continet,

46 905 136 970 qui
173 922 292 955 cum
317 907 725 973 prolongatione
757 922 850 956 sua
893 908 945 956 in
983 921 1044 954 os
1077 906 1217 972 prius
1257 907 1562 957 continuata
1601 924 1701 974 po-

44 990 277 1053 sterioris
299 991 486 1039 canalis
512 991 901 1041 semicircularis
918 1000 1112 1057 partem
1139 990 1440 1044 circumdat.
1505 991 1566 1040 ln
1590 1006 1703 1040 car-

45 1074 261 1138 tilagine
299 1074 388 1122 illa
417 1077 694 1136 anterioris
713 1075 903 1126 canalis
936 1076 1332 1125 semicircularis
1373 1089 1485 1140 pars
1517 1074 1702 1125 decur-

44 1157 146 1219 rit,
209 1173 338 1222 quae
381 1172 446 1206 os
484 1166 756 1225 petrosum
800 1159 1018 1211 inferius
1061 1175 1282 1225 pereuns
1322 1159 1377 1209 in
1410 1160 1569 1210 cranii
1617 1176 1702 1210 ca-

49 1241 275 1292 vitatem
303 1241 454 1296 redit.
1208 1244 1211 1249 ’

154 1439 236 1473 ιο.
305 1419 528 1486 Squama
559 1425 791 1493 occipitia

302 1505 501 1573 (Crista
525 1510 767 1578 occipitis
801 1508 941 1575 Boj.)

146 1633 295 1685 Ossis
344 1642 537 1685 nomen
588 1635 701 1699 ejus
758 1634 983 1685 formam
1031 1633 1273 1683 omnium
1329 1633 1705 1699 aequissimum

47 1716 299 1782 designat.
362 1714 585 1783 Squama
632 1725 715 1769 est
745 1734 896 1768 ossea
942 1719 1063 1770 cum
1105 1717 1259 1767 crista
1303 1718 1357 1768 in
1416 1725 1560 1785 parte
1612 1736 1708 1770 sua

48 1808 287 1852 externa.

143 1906 439 1971 Marginum
475 1913 691 1972 postero
712 1907 1045 1958 -lateralium
1091 1922 1193 1972 ope
1228 1923 1348 1956 cum
1398 1923 1521 1959 osse
1548 1911 1711 1975 priOri

52 1990 313 2051 cohaeret,
349 1991 411 2040 ad
431 1993 717 2056 marginem
751 1999 1076 2058 postremum
1106 1989 1351 2040 fonticuli
1384 1995 1711 2062 quadrangu-

50 2076 170 2126 laris
201 2076 495 2126 membrana
541 2093 654 2126 sese
695 2077 914 2142 adligat3
970 2077 1228 2142 margines
1267 2085 1442 2127 autem
1495 2086 1708 2130 antero-

55 2160 288 2210 laterales
315 2161 551 2210 dentatae
576 2161 627 2208 in
652 2177 774 2211 ossa
797 2163 1076 2227 bregmatis
1106 2178 1161 2211 se
1177 2162 1550 2223 committunt;
1586 2164 1712 2215 dum

53 2261 299 2309 squamae
329 2251 531 2311 partem
573 2244 789 2308 primam
831 2260 952 2295 ossa
982 2244 1175 2296 frontis
1213 2245 1482 2310 paululum
1523 2256 1712 2299 conte-

54 2335 204 2397 gun&

131 2433 225 2487 zos
263 2433 398 2494 hoc,
433 2431 574 2499 quod
606 2432 857 2483 foramina
895 2435 1039 2486 nulla
1072 2447 1403 2504 percurrunt,
1451 2428 1712 2491 fornicem

57 2518 232 2586 quasi,
268 2519 426 2568 cranii
468 2518 751 2568 cavitatem
785 2535 813 2567 a
852 2521 1133 2584 posteriori
1169 2525 1531 2591 superiorique
1568 2531 1715 2592 parte

58 2603 412 2664 claudentem,
447 2601 665 2663 format,
702 2603 940 2654 simulac
967 2606 1182 2670 primam
1213 2611 1372 2660 cranii
1403 2610 1714 2671 vertebram,

58 2703 160 2754 qua
210 2705 485 2754 processus
522 2690 770 2754 spinosus
811 2689 1054 2752 conficit,
1108 2691 1231 2742 dum
1273 2701 1443 2759 partes
1475 2700 1718 2761 petrosae

57 2774 352 2840 superiores
381 2789 657 2841 processus
686 2779 1026 2827 transversos
1060 2777 1329 2833 simulant.
1639 2783 1641 2785 ’

156 2898 462 2952 Vertebram
516 2901 792 2952 secundam
843 2935 906 2945 -
971 2901 1278 2957 Vertebram
1325 2880 1717 2974 sphenoida'lem

63 2983 283 3050 primam
313 2999 354 3038 s,
394 2986 746 3055 gustatoriam
780 2985 898 3054 Boj.
936 3021 992 3030 —
1031 3005 1154 3043 ossa
1189 2994 1456 3061 sequentia
1493 2991 1718 3044 formare

62 3070 323 3122 dicuntur.
