2064 3706
1624 301 1698 356 35

165 431 249 478 26.
285 430 367 492 εἶ.
442 416 568 477 Ossa
608 426 819 477 Frontis.

156 531 305 580 Plana
358 529 480 579 haec
537 546 658 579 ossa
703 541 854 594 atque
898 520 1099 589 tenuia,
1153 535 1311 582 variis
1361 550 1477 585 cum
1528 541 1687 603 spinis

58 615 366 679 angulisque
409 615 665 678 praedita,
713 615 899 664 cerebri
945 616 1227 665 cavitatem
1275 626 1326 667 et
1360 616 1579 671 orbitam
1614 630 1692 673 te-

55 705 202 760 gunt.
266 697 459 750 Limbis
495 700 602 747 suis
638 698 878 755 internis,
926 699 1090 762 iisque
1123 701 1382 760 maximiS,
1417 718 1532 753 sese
1567 723 1693 755 con-

53 779 264 844 tingunt
314 791 367 831 et
409 798 572 848 usque
613 773 708 830 sub
752 795 814 830 os
863 783 973 831 nasi
1008 783 1324 848 porrigentia
1369 799 1435 834 eo
1468 787 1594 837 duas
1629 794 1687 840 in

56 864 228 928 spinas
263 866 529 929 paululum
562 856 847 917 discedunt.

142 946 343 999 Eorum
395 960 567 1002 autem
619 950 875 1015 margines
924 950 1241 1016 posteriores
1290 959 1409 1003 cum
1456 958 1684 1021 partibus

53 1033 255 1082 ossium
288 1039 585 1100 temporum
617 1036 936 1101 squamosiS,
971 1049 1090 1083 cum
1125 1036 1331 1086 ossibus
1366 1040 1686 1107 mastoideia

50 1115 258 1187 ossibus
311 1119 617 1183 bregmati5‚
687 1133 997 1186 squamaque
1055 1118 1294 1184 occipitis
1356 1124 1683 1174 conveniunt

51 1198 215 1265 iisque
265 1209 354 1250 aut
399 1205 577 1252 sutura
625 1203 901 1268 squamosa
948 1210 1036 1251 aut
1073 1202 1460 1268 synchondrosi
1495 1210 1689 1276 adliga-

51 1291 130 1332 tae
163 1294 304 1340 sunt.
621 1343 625 1348 ,

145 1366 227 1416 Ad
244 1383 427 1418 eorum
445 1370 796 1436 peripheriam,
831 1370 1100 1438 praecipue
1116 1370 1177 1420 ad
1195 1371 1447 1438 angulum
1468 1375 1695 1424 anterio-

49 1460 158 1499 rem
192 1461 566 1519 externumque
593 1457 792 1505 canales
823 1457 959 1504 ossei
1003 1469 1075 1504 ex
1122 1457 1319 1505 ossium
1356 1458 1541 1506 centris
1577 1475 1693 1523 gre-

43 1543 197 1597 gant,
245 1553 350 1602 quo
396 1539 448 1586 in
497 1538 649 1594 loco,
696 1540 888 1588 nullam
926 1546 1099 1589 autem
1135 1541 1415 1589 cavitatem
1453 1557 1691 1592 commu-

45 1632 161 1666 nem
200 1619 512 1679 formantes,
545 1624 742 1687 singuli
776 1623 980 1678 finiunt.

140 1692 313 1752 Partes
349 1720 479 1753 Vero
517 1706 740 1773 reliquae
774 1721 883 1755 non
908 1708 1270 1758 canaliculatae
1296 1707 1443 1754 strias
1469 1710 1692 1778 demon-

40 1793 206 1837 strant
254 1794 307 1838 et
338 1805 407 1838 ex
440 1788 557 1839 inde
601 1790 804 1839 ossium
850 1788 1145 1854 superficies
1197 1791 1385 1842 radiata
1430 1794 1690 1857 conspici·

42 1880 143 1925 tur.
181 1904 244 1912 —
300 1872 513 1923 Canales
548 1860 627 1923 illi
661 1873 998 1932 membranaS‚
1034 1890 1162 1940 quae
1193 1877 1327 1924 cutis
1363 1885 1572 1924 mucum
1609 1894 1690 1928 se·

36 1965 250 2021 parant,
309 1958 584 2007 includunt
634 1950 916 2030 ceterisque
968 1974 1086 2008 cum
1143 1959 1402 2009 canalibus
1452 1963 1686 2010 mucosis

38 2043 445 2101 communicant.

147 2126 273 2174 Ossa
312 2125 504 2175 frontis
541 2140 737 2176 nervos
773 2140 879 2175 non
913 2129 1289 2178 transmittunt,

778 2206 786 2227 )

395 2400 454 2450 Β.
529 2401 838 2469 Columna
885 2401 1327 2452 vertebratis.

140 2501 394 2552 Columna
442 2506 738 2556 vertebralis
787 2522 856 2554 ex
889 2492 1095 2553 ‘ossibus
1126 2506 1406 2565 solitariis‘,
1459 2505 1594 2556 inter
1629 2523 1683 2556 se

46 2588 739 2654 articulati-ery-nhymenosz's
758 2587 1250 2656 iafimdibulz'fwmis,
1284 2591 1511 2640 iS'clzzzztze
1539 2596 1589 2656 ¹)
1624 2617 1687 2630 —

45 2662 290 2737 clendris
325 2673 581 2722 similibus
617 2680 853 2732 constat,
908 2691 1035 2741 quae
1068 2677 1391 2740 processibus
1429 2675 1688 2725 inferiori-

43 2756 139 2804 bus
174 2754 403 2806 canalem
436 2757 728 2808 inferiorem
753 2797 766 2814 ,
812 2774 1006 2822 organa
1052 2761 1380 2826 respirationi
1428 2774 1478 2810 et
1513 2762 1684 2826 diges-

37 2840 172 2888 tioni
196 2841 372 2889 ⁴dicata
393 2877 406 2900 ‚
440 2843 495 2890 in
529 2843 687 2892 cauda
719 2859 855 2892 vero
890 2859 1019 2892 vasa
1053 2850 1256 2894 tantum
1292 2860 1476 2908 magna
1513 2846 1682 2895 ineiu-

39 2924 274 2983 dentem‚
312 2953 392 2962 ⁷—
446 2926 796 2991 superioribus
844 2936 1016 2977 autem
1071 2928 1299 2978 canalem
1366 2933 1681 2995 superiorem

41 3009 321 3059 medullam
355 3012 609 3077 spinalem
641 3014 973 3078 recipientem
1013 3012 1250 3062 formant.

109 3203 156 3259 1)
192 3209 223 3252 1.
250 3222 285 3252 c.
323 3200 365 3266 p.
394 3204 505 3253 174'.

1258 3318 1331 3368 3*
