2064 3706
389 260 464 317 60

487 402 570 453 Ab
599 413 785 450 eorum
829 402 1059 464 margine
1094 407 1312 450 externo
1357 413 1700 467 processuque
1736 407 2008 447 recurvato

385 488 473 553 qui
503 487 560 536 in
588 485 829 550 parietem
863 485 1205 550 posteriorem
1242 503 1299 536 se
1329 485 1580 543 extendit,
1619 500 1737 534 cum
1775 484 1838 534 iis
1872 499 2008 533 con-

381 573 583 623 sociata

538 678 541 680 ·
578 653 702 705 Ossa
735 652 1025 704 maxillaria

567 740 708 801 (Ossa
740 743 1099 789 iuter-maxillaria
1130 741 1254 799 Boj.)

378 810 647 873 decedunt.
669 851 726 860 —
769 822 949 885 Longa
965 819 1090 870 haec
1109 836 1230 869 ossa
1263 827 1415 886 atque
1447 827 1663 886 angusta
1691 828 1744 873 et
1773 819 2009 887 linguae-

379 905 566 955 formia
600 906 1029 957 intermaxillaria
1073 904 1187 953 sola
1228 907 1532 970 attingunt;
1605 921 1786 956 eorum
1832 913 2008 956 autem

378 998 571 1057 partem
593 990 797 1042 alteram
813 1006 972 1057 prope
986 990 1044 1039 ad
1063 989 1307 1039 maxillae
1323 988 1580 1038 inferioris
1594 991 2007 1040 articulationem

387 1088 553 1138 usque
591 1082 878 1141 porrectam
931 1075 1277 1134 membranae,
1321 1073 1525 1139 quidem
1563 1075 1708 1136 laxe,
1760 1075 2005 1140 adligant.

374 1158 663 1224 Marginem
686 1157 1000 1217 inferiorem,
1033 1174 1160 1223 quae
1183 1158 1337 1207 libera
1362 1166 1456 1215 est,
1486 1157 1716 1210 dentium
1738 1159 2008 1210 firmorum

376 1244 534 1292 series
569 1244 939 1309 paululumque
972 1257 1257 1292 curvorum
1292 1251 1457 1292 ornat.
1482 1272 1539 1280 —
1793 1286 1799 1287 ff

472 1326 533 1376 ln
564 1327 847 1391 marginem
881 1326 1200 1392 superiorem
1234 1328 1524 1379 ossiculum
1557 1326 1815 1393 quoddam
1852 1334 2009 1379 tenue

373 1416 528 1475 atque
564 1409 955 1476 longiusculum
992 1436 1055 1447 -

571 1495 639 1544 Os
670 1495 1049 1561 postmaxillctre
1077 1524 1132 1532 -

377 1583 515 1632 arcte
546 1594 603 1628 se
633 1578 869 1644 adplicat.

468 1662 596 1714 Post
628 1678 748 1711 ossa
781 1662 1203 1713 intermaxillaria

571 1746 751 1797 Vomer
2010 1760 2015 1781 ¹

370 1833 637 1897 reperitur.
675 1830 874 1896 Corpus
898 1829 1009 1895 ejus
1032 1831 1255 1898 longum
1279 1835 1471 1900 pariete
1493 1849 1586 1883 sua
1613 1833 1866 1900 superiori
1896 1838 2010 1882 tum

369 1913 666 1981 cartilagini
699 1913 777 1963 illi
815 1914 951 1963 ossis
983 1915 1266 1966 ethmoidei
1305 1925 1473 1981 partes
1509 1916 1745 1966 laterales
1786 1916 2008 1981 conjun-

373 1999 549 2065 genti,
609 2006 722 2048 tum
771 1999 912 2047 ossis
960 1999 1263 2064 sphenoidei
1311 2002 1441 2068 parti
1490 2003 1688 2050 anticae
1734 2001 2009 2065 convenit.

373 2083 569 2134 Dentes
598 2083 774 2147 magni
802 2081 1070 2146 multique,
1095 2084 1228 2134 duos
1250 2100 1339 2149 per
1356 2084 1566 2133 ordines
1584 2085 1732 2133 illum
1753 2092 2010 2153 occupant

373 2167 743 2235 praecipueque
779 2168 833 2216 in
863 2173 1004 2233 parte
1037 2168 1280 2219 anteriori
1314 2167 1534 2218 conferti
1568 2177 1713 2225 sunt.

576 2252 702 2302 Osset
731 2252 961 2318 palatina

565 2336 707 2401 (Ossa
740 2340 1119 2398 supramaxillaria
1153 2342 1280 2400 ssoj)

372 2421 533 2485 longa
571 2429 723 2485 atque
754 2434 914 2469 curva
949 2427 1100 2477 sunt,
1154 2435 1375 2485 quorum
1412 2419 1532 2471 finis
1563 2420 1788 2472 anterior
1815 2435 2004 2486 corpus

375 2511 529 2569 atque
564 2519 866 2570 processum
887 2540 900 2564 ‚
946 2505 1208 2569 posterior
1243 2513 1417 2555 autem
1453 2508 1653 2574 spinam
1687 2516 1888 2557 acutam
1922 2509 2009 2556 de-

373 2594 687 2641 monstrant.
771 2587 972 2655 Corpus
1010 2587 1253 2642 Vomeris
1299 2601 1495 2657 partem
1529 2592 1839 2642 anteriorem
1887 2605 2012 2639 con-

372 2672 535 2738 tingit
570 2680 622 2721 et
652 2674 712 2722 ab
747 2688 834 2732 ea,
886 2674 1021 2723 inter
1051 2689 1111 2723 os
1149 2675 1420 2725 maxillare
1453 2686 1505 2726 et
1535 2690 1724 2742 corpus
1746 2674 2011 2734 VomeriS,

373 2764 515 2806 retro
546 2757 796 2822 procedit.
821 2789 883 2798 -
918 2758 1099 2823 Margo
1133 2758 1331 2808 interna
1369 2775 1486 2809 cum
1522 2773 1790 2826 processus
1830 2765 2007 2824 ptery-

373 2840 553 2903 goidei
576 2842 776 2890 externi
801 2844 1031 2906 margine
1057 2850 1271 2893 externa
1302 2844 1617 2903 consociata,
1654 2855 1838 2908 margo
1874 2856 2007 2891 vero

374 2922 589 2975 inferior
626 2924 865 2975 dentibus
904 2928 1104 2992 magnis
1136 2925 1398 2993 firmisque
1428 2928 1640 2993 impleta
1674 2936 1771 2977 est.

470 3005 535 3056 In
565 3021 814 3073 processu
843 3009 989 3062 brevi
1024 3018 1176 3076 atque
1212 3011 1433 3071 obtu30‚
1469 3012 1557 3077 qui
1592 3011 1651 3062 ab
1683 3008 1840 3077 hujus
1872 3010 2008 3060 ossis

381 3097 522 3155 parte
553 3091 722 3142 antica
756 3093 899 3150 exit,
947 3103 998 3146 et
1033 3095 1231 3144 ossium
1266 3093 1660 3146 suborbitalium
1700 3096 1924 3162 primum
1955 3097 2018 3144 et'

381 3173 608 3226 ossicula
645 3178 892 3243 quaedam
931 3178 1262 3231 canaliculata
1302 3192 1359 3229 se
1394 3178 1724 3231 confirmant.
