2064 3706
597 780 1194 898 Prooemium.

80 1140 217 1242 Ad
258 1177 532 1243 Doctoris
561 1177 885 1244 Medicinae
924 1179 1176 1243 honores
1212 1194 1576 1257 muneraque
1608 1177 1718 1240 im-

72 1283 355 1361 petranda
374 1331 391 1363 ,
429 1294 496 1347 ut
523 1284 676 1350 mori
702 1285 993 1363 majorum
1030 1293 1090 1348 et
1114 1283 1159 1347 F
1163 1284 1434 1346 acultatis
1454 1281 1721 1343 medicae

62 1386 258 1466 jussui
287 1389 645 1460 subveniam,
671 1388 1024 1469 opusculum
1049 1389 1347 1467 quoddam
1367 1387 1717 1449 concinnare

65 1492 282 1563 debeo,
336 1491 675 1569 diligentiae
722 1513 890 1558 meae
946 1502 1006 1554 et
1046 1491 1346 1554 doctrinae
1395 1490 1715 1571 specimen.

201 1667 269 1729 Si
305 1685 451 1731 vero
499 1667 768 1732 medicus
823 1667 1061 1729 nonnisi
1109 1667 1308 1730 studio
1363 1686 1466 1748 per
1524 1686 1715 1730 annos

64 1776 356 1850 protracto
387 1791 460 1833 eo
484 1773 726 1835 tandem
754 1773 1075 1854 perveniat,
1104 1783 1172 1834 ut
1200 1770 1375 1852 paulo
1407 1770 1715 1853 perfectior

54 1876 276 1937 evadat
305 1875 707 1957 scientiaeque
728 1897 896 1950 suae,
937 1878 1372 1939 incrementum
1411 1883 1714 1936 maturare

73 1979 260 2056 possit
303 1990 366 2043 et
405 1981 457 2042 si
496 1981 826 2043 maximum
866 1981 994 2062 ejus
1025 1980 1315 2063 judicium
1359 1988 1533 2059 atque
1563 1979 1713 2059 opti-

67 2103 238 2146 mum
290 2093 574 2165 tantaque
622 2085 871 2148 eruditio
927 2085 987 2147 in
1033 2085 1255 2147 morbis
1301 2103 1480 2164 parva
1523 2084 1717 2146 solum

65 2188 323 2260 valeant,
378 2190 515 2269 quid
552 2188 802 2270 jamjam
853 2209 887 2250 a
936 2188 1025 2249 rei
1050 2189 1318 2251 medicae
1379 2187 1555 2250 tironi
1610 2209 1713 2252 ex-

67 2294 318 2370 spectari
362 2293 611 2374 potest?

175 2469 335 2542 Quia
358 2469 484 2552 jam
522 2470 745 2536 dudum
784 2489 1134 2555 persuasum
1173 2471 1383 2543 habui,
1425 2491 1462 2531 a
1489 2467 1718 2530 medico

62 2571 266 2653 juveni
303 2575 541 2638 nonnisi
583 2578 741 2640 intra
771 2576 1156 2641 scientiarum
1180 2575 1543 2637 naturalium
1571 2572 1719 2633 fines

68 2676 212 2739 novi
236 2679 455 2759 aliquid
487 2689 547 2744 et
577 2683 736 2764 quod
771 2680 1054 2745 scientiae
1081 2677 1493 2759 prosit‚afferre
1518 2695 1711 2758 posse,

76 2794 498 2859 argumentum
570 2806 626 2850 a⁴
678 2787 1004 2850 clarissimo
1060 2783 1376 2865 professori
1436 2801 1571 2844 meo
1644 2798 1716 2840 ac

75 2885 307 2954 fautori,
348 2889 604 2953 Domino
651 2890 770 2955 DR.
805 2891 849 2955 S
870 2908 1136 2954 cuum
1158 2906 1264 2958 ΖΕ,
1311 2908 1386 2950 ex
1423 2883 1721 2950 anatomia

75 3002 415 3072 comparata
443 2993 592 3057 mihi
626 2995 1032 3076 propositum,
1076 2993 1243 3073 cujus
1273 2993 1537 3056 studium
1577 2999 1715 3051 ante

70 3095 186 3158 alia
230 3099 431 3160 omnia
477 3098 690 3181 diligo,
754 3110 935 3182 atque
980 3098 1331 3180 amplector,
1385 3092 1714 3178 jucundum

72 3193 218 3266 mihi
259 3212 400 3266 erat.
445 3234 525 3246 --·
