2064 3706
361 270 393 324 6

359 405 588 468 fuscior,
636 426 664 457 e
695 405 860 458 viride
892 406 1065 468 niger,
1113 405 1174 455 ad
1201 406 1356 455 latera
1385 410 1558 454 autem
1592 399 1823 452 cinereus
1857 407 1909 450 et
1940 401 1992 449 in

361 492 638 549 abdomine
655 492 912 540 lutescens
924 489 1113 552 fereque
1130 489 1274 539 albus
1289 505 1305 548 ς
1345 491 1490 538 omni
1509 490 1559 537 in
1573 494 1710 554 parte
1726 494 1995 550 argenteo*

361 577 658 642 variegatus
682 583 759 624 est
795 573 867 639 ¹).
931 573 1162 623 Maculae
1196 573 1335 623 hunc
1368 575 1423 622 in
1447 573 1668 623 fundum
1685 571 1909 636 positae,
1944 572 2008 628 in,

363 668 483 710 cute
517 668 689 710 totum
724 660 879 726 piscis
902 673 1090 731 corpus
1123 657 1400 712 inducente
1433 656 1613 708 sedent
1644 663 1794 720 atque
1827 654 2000 719 quoad

366 745 527 802 situm
561 746 743 795 colore
776 745 997 801 variant.

463 829 695 879 Maeuiae
743 844 873 894 quae
917 830 972 878 in
1006 828 1199 895 capite,
1247 828 1302 876 in
1332 824 1688 876 branchiarum
1725 824 2002 889 operculiS‚

367 917 588 977 totoque
614 914 667 963 in
688 915 846 968 dorso
874 914 1227 980 reperiuntur,
1264 911 1499 960 colorem
1534 910 1853 959 attoluscum
1878 944 1893 968 ‚
1944 910 2004 961 ad

368 996 528 1047 latera
559 1014 691 1049 vero
725 998 990 1066 paululum
1034 998 1344 1050 lucidiorem
1398 999 1716 1051 monstrant3
1782 993 1866 1042 hic
1897 1009 2004 1042 ma-

371 1083 515 1132 culae
547 1085 725 1134 rubrae
758 1090 811 1132 et
838 1083 1045 1150 quidem
1085 1097 1235 1148 supra
1263 1080 1451 1129 lineam
1480 1077 1766 1135 lateralem,
1817 1078 2007 1143 passim

370 1182 465 1214 eos
505 1168 861 1227 intercedunt3
942 1166 1108 1230 magis
1144 1166 1389 1215 deorsum
1424 1163 1484 1212 ad
1519 1162 1708 1212 lineam
1747 1162 2011 1215 lateralem

369 1250 601 1317 infraque
637 1268 750 1301 eam
784 1252 1016 1300 maculae
1055 1251 1330 1302 coccineae
1356 1248 1662 1314 splendent,
1721 1263 1850 1314 quae
1876 1247 2014 1314 peri-

370 1331 546 1398 pheria
575 1343 710 1384 arcta
729 1371 741 1394 ‚
793 1335 938 1385 fusca
963 1335 1265 1400 plerumque
1299 1332 1670 1392 circumdatae,
1711 1347 2013 1398 semperque

369 1433 489 1472 arcu
540 1419 808 1479 lucidiori,
852 1419 1257 1475 coerulescente
1303 1418 1572 1485 praeditae}
1601 1426 1736 1471 sunt.
1819 1416 2016 1474 Venter

373 1501 542 1552 nullas
576 1502 677 1555 fert
712 1504 957 1554 maculaS.
1001 1535 1057 1544 —

469 1586 788 1643 Macularum
821 1590 988 1655 figura
1015 1589 1187 1648 varia,
1236 1587 1545 1656 plerumque
1577 1585 1685 1637 fere
1714 1585 2016 1645 orbiculata,

370 1669 634 1721 interdum
655 1673 895 1739 angulata
917 1689 1009 1722 seu
1023 1673 1253 1737 oblonga
1269 1678 1373 1730 est;
1400 1669 1570 1736 quoad
1587 1669 2017 1736 magnitudinem,

373 1769 501 1818 quae
525 1762 647 1805 sunt
665 1756 939 1816 fuscioreS,
971 1756 1196 1808 maculas
1220 1755 1497 1805 lucidiores
1522 1764 1780 1820 superant,
1805 1757 2020 1806 lentem-

377 1854 476 1903 que
514 1856 755 1905 magnam
790 1857 939 1906 saepe
976 1846 1212 1907 aequant.
1273 1839 1599 1904 Quandoque
1632 1847 1686 1890 et
1709 1840 1872 1906 pinna
1894 1839 2018 1890 dor-

376 1923 497 1972 salis
520 1933 572 1974 et
593 1928 770 1987 analiS,
795 1942 992 1991 semper
1011 1933 1185 1975 autem
1204 1925 1358 1990 pinna
1377 1925 1587 1990 adiposa
1614 1925 1830 1976 maculis
1851 1925 2019 1975 rubris

380 2015 535 2073 atque
584 2011 747 2077 nigris
813 2011 980 2075 pictae
1031 2015 1192 2067 sunt,
1261 2024 1524 2080 nunquam
1573 2017 1770 2062 ceterae
1815 2011 2020 2076 pinnae,

381 2091 631 2170 Squamae
655 2095 933 2144 confertim
953 2095 1050 2145 sibi
1071 2092 1515 2159 superimpositae,
1551 2110 1757 2161 parvae,
1795 2103 1884 2146 aut
1906 2097 2024 2146 sub-

381 2181 640 2230 rotundae
661 2217 674 2239 ,
724 2187 783 2230 ut
816 2181 872 2228 in
901 2180 1062 2231 dorso
1081 2215 1096 2239 ,
1152 2185 1241 2226 aut
1270 2178 1559 2242 oblongae,
1593 2186 1653 2230 ut
1677 2183 1736 2231 in
1763 2179 2024 2238 lateribus,

383 2270 522 2314 sunt.
587 2264 862 2322 Abdomen
899 2265 1070 2314 nullas
1101 2262 1201 2313 fert
1234 2276 1489 2325 squamas,

480 2349 709 2400 Dorsum
732 2366 1054 2407 convexum,
1088 2349 1353 2415 paruulum
1375 2361 1594 2398 curvum
1611 2386 1624 2410 ‚
1659 2357 1880 2416 anteque
1905 2348 2020 2414 pin-

386 2449 507 2485 nam
540 2435 806 2501 adiposam
841 2438 894 2486 in
925 2435 1173 2499 angulum
1205 2434 1514 2482 subacutum
1540 2442 1866 2484 contractum
1892 2439 1989 2483 est.

481 2517 638 2568 Linea
659 2521 880 2571 lateralis
911 2521 970 2570 ab
991 2519 1260 2575 anterioris
1287 2518 1628 2569 extremitatis
1662 2519 1869 2568 ossibus
1904 2525 2021 2567 orta

386 2610 526 2661 recta
565 2604 700 2656 linea
755 2608 814 2656 ad
855 2613 1061 2672 pinnam
1107 2619 1269 2668 usque
1319 2602 1580 2653 caudalem
1626 2602 1875 2667 producta
1919 2608 2017 2660 est,

387 2686 459 2735 ita
488 2704 614 2740 Vero
647 2700 706 2741 ut
733 2692 787 2740 in
812 2692 964 2756 piscis
993 2697 1135 2757 parte
1158 2687 1404 2737 anteriori
1435 2688 1622 2746 dorso,
1661 2687 1716 2735 in
1746 2686 2023 2753 posteriori

388 2779 562 2827 autem
591 2777 769 2825 ventri
821 2775 1035 2843 propior
1064 2775 1147 2825 sit.
1233 2772 1329 2823 llla
1367 2787 1435 2821 ex
1470 2774 1628 2823 ductu
1667 2787 1890 2823 mucoso
1937 2786 2026 2842 per

460 3029 510 3084 1)
546 3033 741 3079 Scin-ank
777 3034 931 3089 (Reise
953 3037 1059 3080 nach
1077 3038 1157 3082 den
1172 3030 1355 3079 siidlich.
1375 3035 1588 3090 Ge'nirgen
1605 3037 1815 3091 Bayerns‚
1835 3034 2024 3088 S.193.)

552 3121 598 3164 in
623 3121 800 3178 piscinis
816 3123 856 3165 iu
875 3126 1020 3177 Egern
1032 3122 1260 3168 Farionem
1275 3120 1485 3177 quendam
1513 3129 1602 3165 toto
1619 3120 1850 3176 incorpore
1862 3117 2026 3180 pinnis-

557 3221 639 3271 que
674 3207 842 3262 nigrum
857 3241 867 3259 ,
902 3208 1166 3268 maculisque
1192 3217 1405 3254 carentem
1441 3205 1564 3256 vidit,
