2064 3706
384 236 462 296 34

480 403 561 439 22.
599 397 681 445 23„
751 377 884 430 Alae
916 378 1140 446 majores.

604 463 760 524 (Alae
796 462 1039 515 minores,
1105 460 1247 527 Boj.)

479 554 611 603 Ossa
654 547 830 613 plana,
881 544 987 596 fere
1034 545 1384 606 semilunaria,
1433 558 1566 614 quae
1597 551 1865 617 praecipue
1897 566 2017 616 pro-

329 636 332 640 ’
385 651 535 689 cessu
577 631 803 698 quodam
849 629 979 679 forti
1028 635 1184 693 atque
1227 629 1282 679 in
1324 631 1485 680 cranii
1533 635 1810 686 cavitatem
1859 642 2023 686 trans-

387 735 541 774 verse
574 721 815 783 porrecto
848 728 1071 778 ossaque
1103 712 1292 763 frontis
1319 713 1607 767 sustinente
1639 719 1802 770 modo
1834 735 2024 784 agnos-

382 820 497 864 cas;
529 815 707 852 earum
739 799 1052 857 substantia,
1103 799 1216 847 aliis
1258 797 1444 848 similis
1489 815 1703 867 magnas
1736 804 1907 853 fossas
1941 809 2019 854 at-

380 906 480 958 que
536 886 818 943 foramina,
878 883 1057 933 nervis
1116 890 1208 934 aut
1260 884 1404 935 vasis
1451 885 1632 950 pervia
1685 900 1795 936 non
1848 887 2019 941 habet.

381 975 528 1027 Parte
569 969 814 1020 anteriori
844 984 963 1019 cum
1008 983 1131 1018 osse
1164 966 1466 1019 ethmoideo
1515 967 1817 1031 cohaerent,
1867 987 2018 1038 supra

383 1066 559 1109 autem
594 1069 715 1103 ossa
749 1052 995 1103 frontalia
1031 1069 1114 1103 eas
1148 1059 1351 1118 tegunt,
1383 1051 1637 1118 juxtaque
1668 1061 1837 1121 partes
1870 1070 2023 1121 squa-

378 1158 563 1194 mosae
596 1139 734 1189 ossis
765 1148 1060 1204 temporum
1110 1154 1195 1187 eas
1232 1137 1582 1202 contingunt,
1633 1147 1786 1205 atque
1827 1148 2021 1190 retror-

376 1243 496 1278 sum
545 1230 713 1291 partes
758 1228 999 1286 petrosae
1049 1219 1321 1271 inferiores
1374 1237 1495 1271 cum
1540 1222 1607 1271 iis
1662 1223 1986 1275 conveniunt
2001 1241 2018 1284 ;

380 1311 571 1379 limbus
607 1312 778 1356 autem
823 1302 1038 1375 inferior
1072 1303 1312 1357 sinuatus
1357 1307 1515 1357 cranii
1561 1315 1850 1374 aperturam
1882 1315 2025 1359 ante-

375 1396 568 1446 riorem
603 1408 672 1443 ex
705 1396 845 1458 parte
878 1387 1199 1439 determInat.

467 1540 551 1587 24.
606 1534 697 1583 25.
774 1516 954 1568 Partes
984 1531 1271 1583 squammae
1303 1523 1430 1571 ossis
1463 1528 1754 1589 temporum.

469 1624 756 1687 Quodlibet
789 1637 851 1670 os
886 1623 1037 1687 piane
1068 1623 1376 1687 irregulare,
1423 1628 1565 1692 quod
1598 1642 1733 1678 vero
1757 1628 1862 1676 ‘vel
1893 1641 2016 1693 pro-

375 1727 526 1764 cessu
558 1711 782 1775 quodam
818 1722 1015 1772 magno
1040 1714 1101 1760 ,et
1135 1707 1359 1768 obtuso,
1395 1712 1504 1759 ossi
1545 1710 1733 1760 frontis
1780 1712 2014 1768 admot0‚

373 1797 466 1848 vel
498 1797 604 1846 situ
632 1809 734 1842 suo
772 1793 826 1842 in
860 1791 1056 1841 orbitae
1090 1790 1305 1854 regione
1350 1795 1604 1858 superiori
1637 1796 2017 1860 posteriorique

373 1881 476 1929 vix
510 1894 619 1927 non
652 1876 1040 1941 agnoscendum
1075 1882 1179 1932 est3
1226 1905 1285 1916 -
1341 1893 1501 1944 prope
1533 1894 1832 1945 processum
1867 1878 2020 1929 illum

378 1964 580 2031 spinam
614 1960 803 2026 reperis
840 1967 1046 2009 acutam
1079 1965 1231 2023 atque
1258 1969 1542 2013 retrorsum
1576 1971 1864 2014 curvatam.

465 2067 637 2117 Partes
714 2065 909 2114 ambae*
968 2077 1273 2128 squamosae
1354 2081 1475 2115 cum
1559 2068 1717 2117 cranii
1791 2067 2019 2117 cavitate

373 2165 484 2203 non
519 2149 936 2206 communicant,
989 2146 1078 2195 sed
1114 2163 1183 2195 ex
1216 2155 1338 2196 toto
1373 2151 1427 2197 in
1460 2151 1617 2215 partis
1653 2157 1888 2216 petrosae
1934 2152 2017 2199 in-

370 2235 579 2287 ferioris
613 2233 845 2296 margine
879 2231 1132 2297 superiori
1166 2237 1314 2280 extra
1347 2232 1634 2285 collocatae
1666 2242 1818 2294 sunt3
1854 2236 2016 2299 parie-

370 2330 451 2371 tes
508 2324 681 2367 autem
730 2326 917 2386 earum
947 2316 1171 2364 internas
1224 2316 1379 2377 partis
1439 2326 1677 2383 petrosae
1733 2319 2016 2384 superioris

369 2417 646 2471 processus
685 2400 774 2450 ilie
819 2399 1178 2463 cartilagineus
1226 2398 1427 2450 inducit
1442 2419 1458 2461 3
1509 2405 1794 2469 marginem
1837 2408 2015 2468 poste-

373 2489 566 2539 riorem
613 2485 749 2534 ossis
795 2482 1071 2532 mastoidei
1122 2490 1303 2532 sutura
1350 2501 1629 2550 squamosa
1659 2504 1728 2538 ex
1759 2496 1901 2554 parte
1933 2495 2011 2536 te·-

371 2572 485 2639 git;
521 2572 723 2619 ossium
758 2568 1040 2632 reliquum,
1078 2567 1217 2633 quod
1251 2561 1359 2618 non
1392 2578 1472 2619 est
1504 2558 1833 2631 tectum,'ad
1867 2569 2012 2619 fron-

371 2659 442 2708 tis
477 2654 742 2723 pianitiem
788 2651 1115 2709 formandam
1157 2652 1391 2718 adevat.
1460 2655 1592 2707 Cum'
1625 2656 1703 2705 ala
1737 2654 1921 2718 majori
1954 2655 2010 2703 in

369 2741 538 2791 orbita
573 2754 684 2788 sese
720 2727 1013 2800 conjungit.

468 2824 603 2874 Ossa
645 2823 770 2872 haec
818 2821 984 2885 magis
1033 2819 1286 2870 cellulosa
1334 2836 1486 2886 quam
1520 2823 1701 2883 densa,
1750 2821 2004 2872 secundae

372 2908 532 2959 cranii
573 2905 841 2956 vertebrae
888 2919 1167 2970 processus
1202 2912 1509 2957 tranversos
1552 2905 1778 2957 formare
1824 2906 2006 2955 dicun-

372 2999 488 3052 tur3
533 2991 910 3042 excavationes
953 3004 1138 3039 eorum
1174 2990 1229 3041 in
1270 2989 1388 3057 ipso
1430 3006 1547 3044 osse
1579 2991 1770 3044 finiunt
1803 2989 2005 3042 nullos-

370 3091 470 3141 que
504 3091 699 3127 nervos
732 3074 1104 3125 transmittunt.
