2064 3706
1575 232 1654 291 43

33 383 382 434 vertebrarum
427 383 661 431 omnium
715 391 956 429 numerus
1006 376 1254 425 normalis
1309 384 1414 434 θεῖς
1471 381 1521 424 in
1576 376 1658 426 his

33 469 171 516 enim
208 466 555 516 vertebrarum
583 470 892 516 costatarum
927 459 1155 509 desectus
1193 461 1448 510 vertebras
1482 463 1665 510 cauda-

33 551 106 600 les
158 557 311 615 auget
347 557 400 599 ct
451 552 567 599 vice
601 561 780 606 versa;
835 549 904 597 ita
951 552 1009 594 ut
1057 545 1194 598 iuter
1225 543 1420 608 viginti
1471 552 1572 595 tres
1607 553 1660 595 et

35 635 227 699 viginti
263 636 487 701 quinque
518 635 701 688 variet,
739 660 793 668 —

128 718 273 767 Sicut
302 734 488 772 omnes
527 718 809 768 anteriores
834 722 886 766 et
910 714 1003 764 hae
1032 729 1101 763 ex
1120 713 1269 762 conis
1306 712 1508 761 duobus
1532 714 1665 762 inter

34 820 90 852 se
120 803 619 853 communicantibus
654 811 805 867 atque
851 819 918 851 cx
961 814 1127 849 massa
1177 812 1271 844 eos
1311 795 1667 861 conjungente

34 887 280 938 cellulosa
322 889 642 954 compositae
677 895 814 939 sunt.
856 917 920 927 --
983 883 1113 933 Cum
1170 896 1444 947 processus
1488 896 1662 930 earum

31 971 232 1037 spinosi
260 987 376 1021 cum
418 972 669 1024 vertebris
702 971 935 1020 concreti
975 975 1127 1025 sunt,
1170 967 1232 1014 iis
1270 964 1526 1014 cavitates
1554 966 1662 1030 gle-

33 1055 251 1111 noideae
290 1057 571 1126 deficiunt3
639 1064 864 1105 attamen
904 1053 1047 1107 fossa
1092 1051 1178 1099 illa
1227 1051 1360 1098 inter
1395 1065 1663 1114 processus

31 1143 299 1208 cujusdam
343 1160 483 1193 crura
517 1145 755 1192 immersa
793 1139 1071 1205 reperitur,
1119 1151 1267 1200 quam
1313 1134 1446 1201 apud
1486 1140 1661 1184 verte-

30 1230 145 1280 bras
182 1233 406 1278 costatas
439 1228 646 1277 ultimas
674 1228 775 1292 jam
814 1222 1230 1276 observavimus

124 1313 352 1364 Ultimae
384 1328 515 1363 vero
549 1314 715 1362 totius
738 1312 1011 1361 columnae
1044 1305 1337 1361 vertebrae,
1364 1319 1494 1368 quae
1518 1319 1660 1368 prae-

32 1405 172 1448 terea
212 1397 508 1455 excellunt,
544 1398 684 1461 quod
731 1397 791 1446 ad
820 1410 1024 1444 sursum
1054 1392 1301 1446 tendunt,
1341 1388 1526 1438 foveas
1565 1389 1661 1437 ite-

30 1500 145 1535 rum
205 1480 499 1531 articulares
550 1482 932 1538 demonstrant,
990 1494 1108 1527 nam
1150 1489 1422 1540 processus
1477 1488 1662 1523 eorum

30 1568 259 1635 spinosi,
306 1566 579 1616 inferiores
629 1583 656 1614 a
693 1567 931 1615 vertebra
974 1561 1173 1612 caudali
1227 1559 1421 1608 decima
1454 1564 1660 1614 octava,

30 1651 322 1718 superiores
357 1650 417 1698 ab
446 1650 868 1713 undevigesima,
898 1646 1124 1697 mobiles
1155 1652 1298 1694 sunt.

126 1737 174 1786 A
227 1734 427 1791 forma,
470 1748 599 1798 quae
649 1733 875 1783 maxima
924 1740 1066 1799 parte
1128 1731 1348 1797 piscium
1406 1724 1663 1776 vertebris

30 1820 269 1872 omnium
306 1818 601 1866 communis
642 1823 756 1878 est,
801 1819 984 1868 ultima
1020 1817 1176 1882 piscis
1214 1814 1382 1863 nostri
1421 1810 1664 1860 vertebra

30 1903 374 1955 variationem
406 1899 541 1950 haud
571 1904 743 1952 minus
772 1903 1132 1969 conspicuam,
1168 1916 1317 1966 quarn
1348 1897 1537 1964 prima,
1576 1895 1664 1943 de-

29 1994 300 2040 monstrat.
369 1985 500 2035 Cum
519 1986 704 2037 ultima
718 1996 814 2047 est,
842 1989 992 2037 aliam
1014 1986 1198 2036 habere
1218 1985 1437 2034 formam
1453 1995 1666 2030 necesse

13 2081 167 2131 ‚erat3
236 2070 480 2120 nimirum
531 2087 697 2121 conus
754 2072 997 2137 singulus
1032 2073 1301 2123 vertebrae
1348 2066 1663 2132 penultimae

30 2160 268 2210 adhaeret
293 2156 511 2220 ideoque
549 2163 603 2206 et
629 2158 896 2207 vertebrae
930 2157 1169 2206 dimidiae
1202 2152 1388 2202 similis
1413 2161 1504 2204 est.
1536 2149 1665 2201 Sub-

28 2242 221 2294 stantia
243 2239 354 2304 ejus
370 2238 667 2307 plerumque
683 2246 885 2291 tantum
901 2241 1149 2292 cellulosa
1174 2247 1279 2298 est3
1305 2252 1471 2287 conus
1489 2234 1666 2283 solum

30 2326 294 2396 posterior
310 2325 355 2374 ei
370 2323 559 2383 deficit,
587 2326 710 2390 quin
722 2335 903 2393 aequet
919 2327 1135 2391 reliquas
1147 2323 1431 2377 vertebraS‚
1457 2351 1507 2359 —
1534 2319 1666 2370 Cum

27 2413 142 2478 ejus
176 2409 297 2460 coni
338 2410 534 2459 cavitas
583 2409 727 2460 nulla
766 2414 998 2479 sequenti
1044 2410 1427 2461 communicare
1466 2409 1661 2473 potest,

27 2499 261 2549 foramen
295 2509 502 2559 quoque
547 2494 602 2545 in
658 2496 780 2545 coni
821 2497 1087 2547 cacumine
1122 2510 1232 2546 non
1272 2494 1534 2560 reperitur.
1601 2488 1663 2538 In

32 2589 175 2649 parte
216 2596 309 2630 sua
347 2580 602 2645 superiori
642 2588 696 2632 et
721 2580 990 2639 inferiori,
1051 2595 1144 2631 seu
1185 2579 1308 2630 dum
1339 2592 1543 2629 sursum
1580 2573 1662 2621 in-

29 2669 169 2722 flexa
219 2670 328 2726 est,
380 2666 564 2716 melius
601 2666 652 2715 in
689 2668 935 2718 anteriori
973 2675 1026 2718 et
1060 2665 1370 2733 posteriori,
1413 2660 1661 2712 cavitates

31 2753 333 2820 glenoideas
365 2751 564 2817 planaS,
598 2766 726 2816 quae
755 2767 1090 2817 processuum
1114 2752 1465 2818 spinosorum,
1489 2743 1660 2795 forma

28 2845 183 2903 atque
232 2837 400 2904 figura
457 2836 883 2900 immutatorum,
939 2836 1287 2892 articulationi
1337 2832 1657 2891 inserviunt,

27 2923 274 2974 ostendit.
314 2954 367 2960 —

126 3005 298 3074 Hujus
336 3009 603 3059 vertebrae
640 3008 807 3059 forma
837 3005 1002 3058 tribus
1033 3021 1127 3057 seu
1171 3009 1396 3072 quatuor
1434 3002 1659 3071 penulti-

22 3093 133 3147 ‚mis
174 3089 280 3158 jam
313 3100 674 3161 praeparatur,
725 3110 846 3145 cum
888 3093 1013 3143 coni
1053 3090 1305 3158 cujusque
1354 3086 1656 3158 posterioris

31 3176 166 3227 basis
194 3177 396 3235 minor,
430 3193 579 3243 quam
610 3180 839 3231 anterior
873 3187 979 3238 est,
1016 3177 1084 3229 ita
1128 3183 1188 3228 ut
1215 3175 1496 3242 penultima
1516 3187 1655 3224 cono
