2064 3706
1614 267 1691 331 ⁴9

55 395 136 451 lus
170 414 331 458 vei-0,
373 396 460 468 qui
499 399 736 467 quusvis
773 403 1039 454 vertebrae
1083 401 1405 470 processibus
1438 408 1688 460 ambobus

49 489 334 545 formatur,
385 488 604 537 obtusus
637 496 717 538 est
747 494 757 515 ¹
785 490 843 551 ),
903 487 1101 538 ultimis
1142 491 1387 554 exceptis,

145 575 420 623 l'rocessus
463 572 658 637 spinosi
695 588 914 630 omnes,
980 573 1270 638 superiores
1319 583 1371 624 et
1400 572 1688 634 inferiores,

46 657 341 723 ligamentis
386 656 795 721 interspinalibus
831 657 1037 707 fibrosis
1085 657 1221 706 inter
1262 673 1316 707 se
1361 658 1697 724 conjungun-

42 747 158 800 tur3
229 758 410 808 margo
453 756 584 792 vero
685 756 863 790 eorum
917 741 1033 798 illa,
1112 756 1242 804 qnae
1302 742 1361 791 ad
1427 743 1690 793 vertebras

45 834 271 890 spectat,
327 827 450 876 duas
486 827 539 875 in
583 824 793 873 laminas
827 825 1071 883 discedit,
1120 839 1248 888 quae
1286 823 1437 889 juxta
1483 842 1691 893 proces-

46 925 200 959 suum
226 925 368 961 crura
403 904 463 959 ad
491 910 753 958 vertebras
792 924 957 974 usque
991 914 1232 966 currunt,
1281 907 1453 975 itaque
1487 909 1689 960 medul-

43 993 122 1044 lae
167 994 380 1060 spinalis
421 1002 473 1044 et
518 991 726 1043 arteriae
765 1002 942 1042 aortae
983 992 1180 1041 canales
1230 993 1378 1057 plane
1421 993 1686 1044 claudunt.

141 1070 203 1129 ln
238 1078 521 1144 ligamento
549 1074 746 1126 fibroso
777 1076 1034 1126 dorsalem
1067 1084 1186 1126 ante
1211 1078 1421 1142 pinnam
1455 1077 1691 1144 interque

36 1178 379 1231 processuum
435 1161 767 1225 spinosorum
819 1160 1083 1209 cacumina
1141 1161 1374 1226 positum
1426 1161 1691 1210 radiorum

35 1262 314 1296 osseorum
353 1247 593 1300 ordinem
621 1240 1037 1302 animadverteS,
1081 1244 1168 1310 qui
1203 1245 1258 1294 in
1307 1245 1532 1295 formam
1570 1246 1690 1295 lite-

17 1345 116 1380 -rae
140 1329 172 1381 S
202 1333 351 1381 curvi
390 1339 441 1381 et
484 1332 601 1380 cavi
633 1337 755 1381 sunt
795 1334 872 1390 2).
966 1328 1198 1378 Dii-ectio
1243 1345 1427 1379 eorum
1477 1345 1688 1396 proces-

34 1426 188 1464 suum
233 1417 562 1482 spinosorum
598 1414 775 1464 eadem
800 1422 912 1471 est,
956 1412 1134 1462 ultimi
1180 1419 1379 1462 tantum
1425 1416 1591 1481 magis
1624 1414 1689 1464 ad

27 1507 295 1566 posterum
335 1498 562 1566 proclivi
601 1508 740 1553 sunt,
781 1527 838 1536 --
907 1495 1234 1547 processibus
1273 1499 1498 1563 spinosis
1542 1514 1687 1565 mag-

27 1584 264 1633 nitudine
309 1585 535 1634 minores
562 1620 575 1643 ‚
625 1585 856 1648 exceptis
887 1582 1117 1640 ultimis,
1175 1580 1262 1646 qui
1300 1594 1394 1630 eos
1444 1592 1687 1647 aequant,

35 1669 388 1734 rectioresque
432 1676 573 1719 sunt.
670 1666 840 1715 Radiis
891 1664 1024 1717 illis,
1082 1666 1170 1728 qui
1214 1665 1424 1730 pinnam
1475 1674 1688 1733 portant

30 1751 291 1802 dorsalem
347 1769 526 1819 parum
577 1750 773 1801 similes
818 1758 959 1800 sunt.
995 1775 1057 1786 -
1122 1746 1250 1797 Post
1293 1748 1439 1800 dorsi
1475 1751 1686 1817 pinnam

23 1837 260 1903 interque
319 1836 508 1885 caudae
556 1850 832 1902 processus
884 1833 1136 1899 spinosos
1186 1827 1457 1888 inferiores
1512 1834 1684 1886 radios

27 1920 155 1972 tales
202 1921 418 1989 reperire
461 1934 568 1967 non
608 1919 774 1987 potui.

191 2004 453 2056 chessus
497 2005 790 2055 transversi.

107 2086 340 2138 Farionis
353 2088 624 2137 vertebrae
643 2087 984 2153 processubus
1004 2088 1310 2138 transversis
1325 2089 1464 2138 veris
1480 2095 1684 2149 carent3

21 2173 307 2222 secundarii
323 2187 454 2222 vero
473 2174 677 2230 adsunt,
695 2185 828 2236 quos
848 2172 941 2221 cel.
955 2172 1156 2222 Meckel
1179 2172 1234 2236 ³)
1260 2183 1431 2222 costas
1445 2174 1679 2239 superio-

18 2266 97 2306 res
114 2257 284 2306 minus
303 2266 420 2322 apte
440 2258 565 2306 dicit
585 2274 600 2316 3
630 2272 750 2306 nam
772 2256 832 2304 ad
855 2255 1077 2321 pectoris
1098 2270 1192 2306 seu
1217 2257 1511 2308 abdominis
1531 2256 1676 2306 cavi-

25 2347 157 2390 tates
187 2339 582 2400 conformandas
614 2339 688 2389 nil
714 2338 1024 2399 conferunt3
1071 2355 1239 2406 neque
1263 2359 1292 2391 e
1315 2343 1672 2392 vertebrarum

19 2439 242 2490 corpore
280 2425 535 2479 oriuntur.
603 2426 709 2479 Cel.
736 2423 984 2475 Schultze
1022 2424 1113 2475 has
1147 2433 1324 2475 costas
1362 2427 1673 2476 accessorias

17 2519 293 2558 auctorum
344 2509 574 2577 priorum
622 2525 741 2559 cum
789 2498 1094 2559 secundario
1144 2510 1285 2561 radio
1334 2525 1668 2578 processuum

17 2599 441 2644 transversorum
473 2588 718 2646 fissorum
753 2594 1078 2661 comparavit
1115 2593 1215 2653 4).·

89 2765 142 2822 1)
175 2770 269 2814 Cel.
300 2767 539 2814 Meckelius
573 2770 607 2818 l.
641 2781 678 2814 c.
715 2783 759 2827 p.
797 2768 1025 2815 221.eum
1061 2776 1233 2812 acutum
1268 2768 1393 2812 dixit.

84 2851 137 2901 2)
169 2855 262 2924 Cel.
284 2855 487 2899 Schultze
521 2846 562 2900 1.»
579 2868 618 2900 c.
651 2868 728 2896 eos
761 2854 986 2897 radiorum
1020 2853 1198 2914 pinnam
1240 2853 1460 2898 dorsalem
1494 2858 1671 2908 portan-

187 2923 296 2960 tium
334 2917 580 2962 rudimenta
611 2928 708 2963 esse
740 2927 877 2976 putat„

85 2999 140 3055 3)
176 3005 208 3048 1.
244 3017 282 3048 c.
320 3016 364 3058 p.
402 2997 514 3051 245,

82 3081 138 3145 ἰι)
174 3089 401 3133 Nonnulla
449 3089 500 3131 de
543 3085 794 3145 primordiis
829 3085 1092 3143 Systematis
1137 3082 1306 3129 ossium
1340 3092 1383 3128 et
1432 3082 1484 3128 de
1516 3081 1669 3126 evolu-

179 3153 296 3197 tione
345 3153 497 3209 spinae
529 3152 647 3197 dorsi
680 3153 724 3196 in
772 3151 1045 3195 animalibus.
1156 3149 1279 3195 Diss.
1316 3149 1463 3202 inaug.
1531 3147 1668 3191 Halae

180 3219 319 3260 1818.
355 3233 399 3275 p.
442 3210 522 3266 221.
554 3227 606 3262 et·
632 3217 678 3260 in
713 3217 921 3263 Meckel's
955 3215 1089 3261 Arch.
1134 3216 1215 3261 lv.
1251 3216 1336 3257 ssd.
1375 3215 1401 3252 3
1429 3213 1522 3256 Hst.

1296 3290 1328 3343 4
