2064 3706
371 276 443 331 10

467 412 637 466 Bloch
662 412 712 475 ¹)
745 412 899 464 dicit:
936 411 1117 474 „Hanc
1137 412 1442 461 varietatem
1475 426 1504 459 a
1527 409 1770 461 Salmone
1786 409 1999 460 Farione

359 511 581 548 numero
598 497 860 547 radiorum
880 496 1203 546 membranae
1218 492 1641 558 branchiostegae
1660 501 1810 559 atque
1823 495 2003 560 pinna-

353 596 477 632 „rum
510 583 745 644 variare;
806 580 1077 647 paululum
1111 585 1291 644 postea
1327 585 1500 628 autem
1545 577 1650 629 ait:
1700 577 2001 629 varietatem

359 666 689 733 speciemque
719 666 777 716 in
808 680 875 717 eo
910 663 1247 716 convenire.“
1272 690 1333 702 -

460 821 772 874 Numeratio
795 840 934 883 mea,
971 836 1070 887 qua
1107 818 1382 889 diligenter
1412 820 1505 870 tria
1543 819 1697 884 hujus
1735 817 2002 868 varietatis

356 908 595 973 exempla
622 907 819 976 majora
854 905 1152 974 exquisivi,
1202 905 1470 972 sequentia
1505 903 1748 954 reddidit:

421 1029 617 1085 Radios
651 1033 980 1085 membranae
1013 1032 1439 1097 branchiostegae
1475 1030 1530 1080 in
1558 1043 1670 1082 uno
1702 1027 1895 1096 reperi:

612 1119 775 1169 latere
809 1117 996 1167 dextro
1033 1116 1228 1173 decem,

615 1202 777 1252 latere
814 1201 1025 1250 sinistro
1062 1201 1337 1257 undecim;

488 1287 544 1340 in
566 1286 760 1336 altero:
807 1285 985 1335 Latere
1009 1285 1201 1335 dextro
1235 1283 1496 1341 undecim,

806 1369 964 1419 latere
996 1370 1211 1419 sinistro
1246 1368 1519 1418 duodecim
1545 1385 1561 1428 ;

485 1454 545 1505 in
567 1453 724 1505 tertio
754 1459 972 1520 utraque
996 1460 1140 1520 parte
1171 1451 1429 1503 undecim.
1463 1479 1519 1488 -

397 1634 399 1636 ,
448 1579 730 1631 ‘pinnarum
766 1578 892 1629 radii
924 1576 1096 1645 quoad
1121 1594 1395 1629 numerum
1430 1577 1566 1629 inter
1595 1593 1652 1628 se
1689 1581 2005 1642 congruunt,

359 1665 577 1715 minime
608 1678 773 1722 vem,
840 1663 929 1714 vel
969 1661 1132 1713 rarius
1182 1676 1303 1711 cum
1349 1676 1536 1711 eorum
1581 1676 1801 1710 numero
1870 1659 2004 1727 apud

357 1748 632 1803 Parionern
665 1754 922 1796 nostrum,

452 1851 645 1904 Radios
672 1852 859 1917 pinnae
884 1851 1160 1916 pectoralis
1192 1849 1438 1902 tredecim
1467 1851 1777 1907 numeravi,
1821 1852 2008 1919 pinnae

358 1934 704 1988 abdominalis
734 1950 960 1994 novem,
995 1934 1182 2000 pinnae
1199 1935 1418 1985 dorsalis
1443 1934 1855 2001 quatuordeeim,
1889 1937 2004 2003 pin-

356 2037 456 2072 nae
482 2021 642 2071 analis
667 2019 931 2075 undecim.
996 2018 1127 2069 Cum
1156 2019 1312 2085 pinna
1337 2019 1561 2069 caudalis
1589 2021 1645 2070 in
1670 2020 1884 2070 dorsum
1911 2021 2000 2071 ab·

357 2107 656 2170 domenque
697 2105 938 2160 subiculo
981 2103 1201 2168 adiposo
1243 2105 1378 2153 cutis
1421 2103 1768 2156 intercedente
1800 2105 2002 2164 transit,

359 2189 619 2241 Salmonis
651 2189 885 2240 Farionis
935 2188 996 2237 ad
1030 2187 1287 2247 modum,
1386 2188 1532 2255 quod
1596 2188 1768 2239 radios
1813 2204 2002 2237 osseos

355 2272 617 2341 gradatim
673 2274 909 2324 minutos
965 2273 1137 2323 oculis
1186 2272 1467 2335 subducit,
1533 2289 1778 2324 numerus
1824 2288 2007 2324 eorum

364 2375 474 2409 non
493 2367 732 2410 accurate
763 2359 1107 2410 numerandus
1122 2364 1219 2409 est.
1266 2359 1349 2410 Ad
1381 2359 1653 2409 minimum
1673 2358 1868 2423 viginti
1883 2364 2007 2408 octo

367 2451 508 2496 sunt.

458 2550 670 2602 Habitat
693 2551 746 2601 in
764 2551 946 2601 iisdem
966 2550 1242 2617 regionum
1266 2555 1623 2599 montosarum
1644 2547 1847 2606 rivuli&
1883 2560 2004 2595 cum

357 2634 608 2691 Farione3
657 2637 943 2686 secundum
975 2634 1338 2702 pontoppidan
1374 2634 1428 2683 in
1458 2633 1726 2698 Norvegia
1780 2632 1834 2681 in
1860 2645 1998 2680 mare

359 2720 767 2786 septentrionale
794 2721 1008 2771 transire
1037 2720 1240 2779 dicitur,
1284 2749 1346 2760 --
1391 2718 1522 2769 Caro
1556 2718 1711 2785 hujus
1737 2716 1996 2767 Salmonis

359 2820 470 2856 non
508 2805 673 2855 modo
712 2806 925 2856 durante
958 2806 1231 2864 coctione,
1266 2803 1357 2853 sed
1390 2811 1443 2853 et
1468 2805 1637 2869 priuS‚
1675 2803 1805 2853 a'eris
1834 2800 1996 2851 aditui

358 2891 630 2955 exposita,
663 2890 903 2940 rubescit.
958 2923 1014 2930 -
1081 2892 1228 2941 Illam
1279 2906 1460 2955 sapore
1503 2888 1812 2957 jucundiore
1867 2901 1995 2944 esse,

358 2974 591 3027 Farionis
626 2975 787 3043 ipsius
822 2988 995 3038 carne,
1032 2975 1187 3042 aliqui
1222 2984 1420 3041 putant.

426 3212 477 3268 1)
514 3219 547 3264 1.
571 3233 608 3262 c.
