<?xml version="1.0" encoding="UTF-8"?>
<!DOCTYPE html PUBLIC "-//W3C//DTD XHTML 1.0 Transitional//EN"
    "http://www.w3.org/TR/xhtml1/DTD/xhtml1-transitional.dtd">
<html xmlns="http://www.w3.org/1999/xhtml" xml:lang="en" lang="en">
 <head>
  <title>
</title>
<meta http-equiv="Content-Type" content="text/html;charset=utf-8" />
  <meta name='ocr-system' content='tesseract 3.04.00' />
  <meta name='ocr-capabilities' content='ocr_page ocr_carea ocr_par ocr_line ocrx_word'/>
</head>
<body>
  <div class='ocr_page' id='page_1' title='image "./quaedamdehistori00z_0058.png"; bbox 0 0 2064 3706; ppageno 0'>
   <div class='ocr_carea' id='block_1_1' title="bbox 395 270 478 326">
    <p class='ocr_par' dir='ltr' id='par_1_1' title="bbox 395 270 478 326">
     <span class='ocr_line' id='line_1_1' title="bbox 395 270 478 326; baseline -0.024 0"><span class='ocrx_word' id='word_1_1' title='bbox 395 270 478 326; x_wconf 55' lang='lat' dir='ltr'>Aa}</span> 
     </span>
    </p>
   </div>
   <div class='ocr_carea' id='block_1_2' title="bbox 384 412 2037 2167">
    <p class='ocr_par' dir='ltr' id='par_1_2' title="bbox 392 412 2027 631">
     <span class='ocr_line' id='line_1_2' title="bbox 398 412 2025 477; baseline 0.006 -16"><span class='ocrx_word' id='word_1_2' title='bbox 398 413 558 462; x_wconf 81' lang='lat' dir='ltr'>unico</span> <span class='ocrx_word' id='word_1_3' title='bbox 594 412 776 462; x_wconf 79' lang='lat' dir='ltr'>similis</span> <span class='ocrx_word' id='word_1_4' title='bbox 807 414 876 462; x_wconf 83' lang='lat' dir='ltr'>sit</span> <span class='ocrx_word' id='word_1_5' title='bbox 910 427 1222 477; x_wconf 74' lang='lat' dir='ltr'>quamquam</span> <span class='ocrx_word' id='word_1_6' title='bbox 1247 414 1369 462; x_wconf 79' lang='lat' dir='ltr'>duas</span> <span class='ocrx_word' id='word_1_7' title='bbox 1418 413 1598 465; x_wconf 78' lang='lat' dir='ltr'>habeat</span> <span class='ocrx_word' id='word_1_8' title='bbox 1646 419 1903 470; x_wconf 79' lang='lat' dir='ltr'>cavitates</span> <span class='ocrx_word' id='word_1_9' title='bbox 1945 424 2025 471; x_wconf 86' lang='lat' dir='ltr'>in-</span> 
     </span>
     <span class='ocr_line' id='line_1_3' title="bbox 392 496 2027 562; baseline 0.005 -15"><span class='ocrx_word' id='word_1_10' title='bbox 392 496 851 547; x_wconf 77' lang='lat' dir='ltr'>-i&#39;umlibuliformes</span> <span class='ocrx_word' id='word_1_11' title='bbox 870 532 885 557; x_wconf 92' lang='lat'>,</span> <span class='ocrx_word' id='word_1_12' title='bbox 925 511 1139 562; x_wconf 84' lang='lat' dir='ltr'>quarum</span> <span class='ocrx_word' id='word_1_13' title='bbox 1167 498 1432 548; x_wconf 85' lang='lat' dir='ltr'>cacumina</span> <span class='ocrx_word' id='word_1_14' title='bbox 1461 503 1847 553; x_wconf 85' lang='lat' dir='ltr'>communicant</span> <span class='ocrx_word' id='word_1_15' title='bbox 1888 503 2027 555; x_wconf 83' lang='lat' dir='ltr'>sora-</span> 
     </span>
     <span class='ocr_line' id='line_1_4' title="bbox 395 582 1312 631; baseline 0.004 -1"><span class='ocrx_word' id='word_1_16' title='bbox 395 582 550 631; x_wconf 74' lang='lat' dir='ltr'>mine.</span> <span class='ocrx_word' id='word_1_17' title='bbox 585 608 639 616; x_wconf 85' lang='lat'>--</span> <span class='ocrx_word' id='word_1_18' title='bbox 1307 592 1312 598; x_wconf 85' lang='lat'><em>&#39;</em></span> 
     </span>
    </p>

    <p class='ocr_par' dir='ltr' id='par_1_3' title="bbox 386 664 2037 1652">
     <span class='ocr_line' id='line_1_5' title="bbox 493 664 2023 731; baseline 0.007 -19"><span class='ocrx_word' id='word_1_19' title='bbox 493 664 765 715; x_wconf 81' lang='lat' dir='ltr'>Vertebrae</span> <span class='ocrx_word' id='word_1_20' title='bbox 811 673 1034 731; x_wconf 83' lang='lat' dir='ltr'>quatuor</span> <span class='ocrx_word' id='word_1_21' title='bbox 1083 680 1173 715; x_wconf 88' lang='lat' dir='ltr'>seu</span> <span class='ocrx_word' id='word_1_22' title='bbox 1224 667 1450 731; x_wconf 85' lang='lat' dir='ltr'>quinque</span> <span class='ocrx_word' id='word_1_23' title='bbox 1495 667 1841 731; x_wconf 82' lang='lat' dir='ltr'>penultimae,</span> <span class='ocrx_word' id='word_1_24' title='bbox 1885 672 2023 722; x_wconf 81' lang='lat' dir='ltr'>illam</span> 
     </span>
     <span class='ocr_line' id='line_1_6' title="bbox 395 748 2037 817; baseline 0.007 -23"><span class='ocrx_word' id='word_1_25' title='bbox 395 763 628 812; x_wconf 82' lang='lat' dir='ltr'>quoque,</span> <span class='ocrx_word' id='word_1_26' title='bbox 672 766 825 817; x_wconf 82' lang='lat' dir='ltr'>quam</span> <span class='ocrx_word' id='word_1_27' title='bbox 857 754 1142 801; x_wconf 71' lang='lat' dir='ltr'>memoravi</span> <span class='ocrx_word' id='word_1_28' title='bbox 1182 748 1471 800; x_wconf 68' lang='lat' dir='ltr'>flexionem</span> <span class='ocrx_word' id='word_1_29' title='bbox 1513 751 1787 803; x_wconf 82' lang='lat' dir='ltr'>columnae</span> <span class='ocrx_word' id='word_1_30' title='bbox 1820 754 1882 804; x_wconf 87' lang='lat' dir='ltr'>ad</span> <span class='ocrx_word' id='word_1_31' title='bbox 1914 757 2037 805; x_wconf 82' lang='lat' dir='ltr'>sur-&#39;</span> 
     </span>
     <span class='ocr_line' id='line_1_7' title="bbox 391 830 2026 898; baseline 0.007 -19"><span class='ocrx_word' id='word_1_32' title='bbox 391 847 511 880; x_wconf 87' lang='lat' dir='ltr'>sum</span> <span class='ocrx_word' id='word_1_33' title='bbox 542 830 793 890; x_wconf 73' lang='lat' dir='ltr'>efficiunt.</span> <span class='ocrx_word' id='word_1_34' title='bbox 868 835 970 885; x_wconf 88' lang='lat' dir='ltr'>Cel.</span> <span class='ocrx_word' id='word_1_35' title='bbox 997 835 1245 887; x_wconf 79' lang='lat' dir='ltr'>Schultze</span> <span class='ocrx_word' id='word_1_36' title='bbox 1290 837 1343 898; x_wconf 89' lang='lat'>¹)</span> <span class='ocrx_word' id='word_1_37' title='bbox 1380 835 1443 883; x_wconf 87' lang='lat' dir='ltr'>de</span> <span class='ocrx_word' id='word_1_38' title='bbox 1485 851 1542 885; x_wconf 86' lang='lat' dir='ltr'>ea</span> <span class='ocrx_word' id='word_1_39' title='bbox 1575 835 1644 885; x_wconf 81' lang='lat' dir='ltr'>ita</span> <span class='ocrx_word' id='word_1_40' title='bbox 1681 838 1892 890; x_wconf 88' lang='lat' dir='ltr'>locutus</span> <span class='ocrx_word' id='word_1_41' title='bbox 1918 849 2026 890; x_wconf 87' lang='lat' dir='ltr'>est:</span> 
     </span>
     <span class='ocr_line' id='line_1_8' title="bbox 388 914 2025 986; baseline 0.005 -21"><span class='ocrx_word' id='word_1_42' title='bbox 388 914 522 965; x_wconf 81' lang='lat' dir='ltr'>-Eam</span> <span class='ocrx_word' id='word_1_43' title='bbox 567 917 757 968; x_wconf 85' lang='lat' dir='ltr'>exinde</span> <span class='ocrx_word' id='word_1_44' title='bbox 798 920 918 969; x_wconf 85' lang='lat' dir='ltr'>oriri</span> <span class='ocrx_word' id='word_1_45' title='bbox 963 920 1163 979; x_wconf 77' lang='lat' dir='ltr'>videri,</span> <span class='ocrx_word' id='word_1_46' title='bbox 1221 920 1365 986; x_wconf 88' lang='lat' dir='ltr'>quod</span> <span class='ocrx_word' id='word_1_47' title='bbox 1406 919 1468 968; x_wconf 83' lang='lat' dir='ltr'>ad</span> <span class='ocrx_word' id='word_1_48' title='bbox 1511 922 1719 985; x_wconf 80' lang='lat' dir='ltr'>pinnam</span> <span class='ocrx_word' id='word_1_49' title='bbox 1762 923 2025 973; x_wconf 86' lang='lat' dir='ltr'>caudalem</span> 
     </span>
     <span class='ocr_line' id='line_1_9' title="bbox 392 1003 2026 1073; baseline 0.006 -25"><span class='ocrx_word' id='word_1_50' title='bbox 392 1010 696 1051; x_wconf 79' lang='lat' dir='ltr'>nascentem</span> <span class='ocrx_word' id='word_1_51' title='bbox 744 1019 1014 1068; x_wconf 77' lang='lat' dir='ltr'>processus</span> <span class='ocrx_word' id='word_1_52' title='bbox 1063 1005 1263 1070; x_wconf 84' lang='lat' dir='ltr'>spinosi</span> <span class='ocrx_word' id='word_1_53' title='bbox 1313 1003 1612 1061; x_wconf 65' lang='lat' dir='ltr'>inferiores,</span> <span class='ocrx_word' id='word_1_54' title='bbox 1663 1020 1795 1072; x_wconf 84' lang='lat' dir='ltr'>quae</span> <span class='ocrx_word' id='word_1_55' title='bbox 1836 1009 2026 1073; x_wconf 75' lang='lat' dir='ltr'>pInnae</span> 
     </span>
     <span class='ocr_line' id='line_1_10' title="bbox 388 1086 2026 1158; baseline 0.005 -24"><span class='ocrx_word' id='word_1_56' title='bbox 388 1086 611 1135; x_wconf 82' lang='lat' dir='ltr'>caudalis</span> <span class='ocrx_word' id='word_1_57' title='bbox 631 1087 800 1137; x_wconf 77' lang='lat' dir='ltr'>radios</span> <span class='ocrx_word' id='word_1_58' title='bbox 841 1096 1083 1152; x_wconf 72' lang='lat' dir='ltr'>portant,</span> <span class='ocrx_word' id='word_1_59' title='bbox 1122 1089 1478 1157; x_wconf 80' lang='lat' dir='ltr'>superioribus</span> <span class='ocrx_word' id='word_1_60' title='bbox 1509 1088 1682 1155; x_wconf 83' lang='lat' dir='ltr'>plura,</span> <span class='ocrx_word' id='word_1_61' title='bbox 1716 1107 1884 1158; x_wconf 89' lang='lat' dir='ltr'>prope</span> <span class='ocrx_word' id='word_1_62' title='bbox 1908 1108 2026 1142; x_wconf 87' lang='lat' dir='ltr'>orn-</span> 
     </span>
     <span class='ocr_line' id='line_1_11' title="bbox 390 1171 2025 1240; baseline 0.004 -21"><span class='ocrx_word' id='word_1_63' title='bbox 390 1171 501 1229; x_wconf 82' lang='lat' dir='ltr'>nia‚</span> <span class='ocrx_word' id='word_1_64' title='bbox 548 1172 824 1234; x_wconf 83' lang='lat' dir='ltr'>adjuvent3</span> <span class='ocrx_word' id='word_1_65' title='bbox 861 1189 979 1221; x_wconf 86' lang='lat' dir='ltr'>uam</span> <span class='ocrx_word' id='word_1_66' title='bbox 1013 1172 1109 1221; x_wconf 86' lang='lat' dir='ltr'>illo</span> <span class='ocrx_word' id='word_1_67' title='bbox 1138 1181 1372 1240; x_wconf 87' lang='lat' dir='ltr'>ternpore</span> <span class='ocrx_word' id='word_1_68' title='bbox 1394 1171 1547 1237; x_wconf 85' lang='lat' dir='ltr'>pinna</span> <span class='ocrx_word' id='word_1_69' title='bbox 1569 1175 1793 1226; x_wconf 84' lang='lat' dir='ltr'>caudalis</span> <span class='ocrx_word' id='word_1_70' title='bbox 1829 1178 2025 1228; x_wconf 84' lang='lat' dir='ltr'>duabus</span> 
     </span>
     <span class='ocr_line' id='line_1_12' title="bbox 389 1255 2022 1327; baseline 0.004 -23"><span class='ocrx_word' id='word_1_71' title='bbox 389 1271 421 1304; x_wconf 87' lang='lat' dir='ltr'>e</span> <span class='ocrx_word' id='word_1_72' title='bbox 453 1256 702 1321; x_wconf 58' lang='lat' dir='ltr'>pastilam,</span> <span class='ocrx_word' id='word_1_73' title='bbox 757 1274 786 1306; x_wconf 90' lang='lat' dir='ltr'>e</span> <span class='ocrx_word' id='word_1_74' title='bbox 829 1256 980 1322; x_wconf 83' lang='lat' dir='ltr'>pinna</span> <span class='ocrx_word' id='word_1_75' title='bbox 1025 1258 1237 1321; x_wconf 82' lang='lat' dir='ltr'>quadarn</span> <span class='ocrx_word' id='word_1_76' title='bbox 1298 1255 1524 1306; x_wconf 86' lang='lat' dir='ltr'>inferiori</span> <span class='ocrx_word' id='word_1_77' title='bbox 1565 1266 1619 1309; x_wconf 85' lang='lat' dir='ltr'>et</span> <span class='ocrx_word' id='word_1_78' title='bbox 1659 1261 1912 1327; x_wconf 86' lang='lat' dir='ltr'>superiori</span> <span class='ocrx_word' id='word_1_79' title='bbox 1969 1290 2022 1300; x_wconf 82' lang='lat'>-</span> 
     </span>
     <span class='ocr_line' id='line_1_13' title="bbox 387 1339 2026 1409; baseline 0.005 -22"><span class='ocrx_word' id='word_1_80' title='bbox 387 1348 629 1397; x_wconf 80' lang='lat' dir='ltr'>constat,</span> <span class='ocrx_word' id='word_1_81' title='bbox 670 1355 882 1405; x_wconf 86' lang='lat' dir='ltr'>quarum</span> <span class='ocrx_word' id='word_1_82' title='bbox 914 1340 998 1390; x_wconf 81' lang='lat' dir='ltr'>illa</span> <span class='ocrx_word' id='word_1_83' title='bbox 1029 1339 1288 1390; x_wconf 80' lang='lat' dir='ltr'>radiorum</span> <span class='ocrx_word' id='word_1_84' title='bbox 1310 1355 1529 1390; x_wconf 87' lang='lat' dir='ltr'>numero</span> <span class='ocrx_word' id='word_1_85' title='bbox 1560 1341 1727 1408; x_wconf 80' lang='lat' dir='ltr'>major</span> <span class='ocrx_word' id='word_1_86' title='bbox 1749 1345 2026 1409; x_wconf 83' lang='lat' dir='ltr'>perfectio·-</span> 
     </span>
     <span class='ocr_line' id='line_1_14' title="bbox 389 1425 2022 1495; baseline 0.006 -23"><span class='ocrx_word' id='word_1_87' title='bbox 389 1425 547 1488; x_wconf 74' lang='lat' dir='ltr'>nique</span> <span class='ocrx_word' id='word_1_88' title='bbox 586 1425 802 1490; x_wconf 83' lang='lat' dir='ltr'>propior</span> <span class='ocrx_word' id='word_1_89' title='bbox 853 1433 967 1486; x_wconf 83' lang='lat' dir='ltr'>est,</span> <span class='ocrx_word' id='word_1_90' title='bbox 1016 1428 1068 1487; x_wconf 83' lang='lat'>²)</span> <span class='ocrx_word' id='word_1_91' title='bbox 1117 1426 1393 1491; x_wconf 83' lang='lat' dir='ltr'>ambaeque</span> <span class='ocrx_word' id='word_1_92' title='bbox 1445 1425 1578 1474; x_wconf 86' lang='lat' dir='ltr'>inter</span> <span class='ocrx_word' id='word_1_93' title='bbox 1613 1442 1670 1475; x_wconf 85' lang='lat' dir='ltr'>se</span> <span class='ocrx_word' id='word_1_94' title='bbox 1709 1428 2022 1495; x_wconf 83' lang='lat' dir='ltr'>conjunctae</span> 
     </span>
     <span class='ocr_line' id='line_1_15' title="bbox 386 1508 2025 1575; baseline 0.005 -20"><span class='ocrx_word' id='word_1_95' title='bbox 386 1508 630 1574; x_wconf 84' lang='lat' dir='ltr'>pinnam,</span> <span class='ocrx_word' id='word_1_96' title='bbox 674 1524 827 1575; x_wconf 83' lang='lat' dir='ltr'>quam</span> <span class='ocrx_word' id='word_1_97' title='bbox 871 1511 927 1561; x_wconf 89' lang='lat' dir='ltr'>in</span> <span class='ocrx_word' id='word_1_98' title='bbox 978 1509 1194 1561; x_wconf 83' lang='lat' dir='ltr'>Farione</span> <span class='ocrx_word' id='word_1_99' title='bbox 1235 1509 1507 1568; x_wconf 81' lang='lat' dir='ltr'>videmuS,</span> <span class='ocrx_word' id='word_1_100' title='bbox 1553 1511 1816 1564; x_wconf 83' lang='lat' dir='ltr'>caudalem</span> <span class='ocrx_word' id='word_1_101' title='bbox 1859 1512 2025 1565; x_wconf 88' lang='lat' dir='ltr'>confi-</span> 
     </span>
     <span class='ocr_line' id='line_1_16' title="bbox 386 1592 1875 1652; baseline 0.006 -10"><span class='ocrx_word' id='word_1_102' title='bbox 386 1592 532 1642; x_wconf 78' lang='lat' dir='ltr'>ciunt</span> <span class='ocrx_word' id='word_1_103' title='bbox 576 1593 646 1652; x_wconf 76' lang='lat'>³).</span> <span class='ocrx_word' id='word_1_104' title='bbox 677 1621 740 1633; x_wconf 92' lang='lat'>-·-</span> <span class='ocrx_word' id='word_1_105' title='bbox 1872 1607 1875 1610; x_wconf 76' lang='grc'><strong>”</strong></span> 
     </span>
    </p>

    <p class='ocr_par' dir='ltr' id='par_1_4' title="bbox 384 1678 2028 2167">
     <span class='ocr_line' id='line_1_17' title="bbox 487 1678 2023 1746; baseline -0.002 -15"><span class='ocrx_word' id='word_1_106' title='bbox 487 1678 763 1731; x_wconf 74' lang='lat' dir='ltr'>vertebrae</span> <span class='ocrx_word' id='word_1_107' title='bbox 798 1679 1064 1738; x_wconf 82' lang='lat' dir='ltr'>caudaIeS‚</span> <span class='ocrx_word' id='word_1_108' title='bbox 1117 1685 1178 1728; x_wconf 79' lang='lat' dir='ltr'>ut</span> <span class='ocrx_word' id='word_1_109' title='bbox 1220 1692 1373 1743; x_wconf 86' lang='lat' dir='ltr'>supra</span> <span class='ocrx_word' id='word_1_110' title='bbox 1427 1693 1522 1740; x_wconf 86' lang='lat' dir='ltr'>pro</span> <span class='ocrx_word' id='word_1_111' title='bbox 1576 1681 1732 1743; x_wconf 63' lang='lat' dir='ltr'>signo</span> <span class='ocrx_word' id='word_1_112' title='bbox 1778 1679 2023 1746; x_wconf 85' lang='lat' dir='ltr'>specifico</span> 
     </span>
     <span class='ocr_line' id='line_1_18' title="bbox 391 1762 2027 1830; baseline 0.002 -19"><span class='ocrx_word' id='word_1_113' title='bbox 391 1762 541 1821; x_wconf 75' lang='lat' dir='ltr'>dixi,</span> <span class='ocrx_word' id='word_1_114' title='bbox 591 1777 776 1810; x_wconf 86' lang='lat' dir='ltr'>omnes</span> <span class='ocrx_word' id='word_1_115' title='bbox 822 1777 1094 1828; x_wconf 84' lang='lat' dir='ltr'>processus</span> <span class='ocrx_word' id='word_1_116' title='bbox 1140 1764 1278 1812; x_wconf 89' lang='lat' dir='ltr'>duos</span> <span class='ocrx_word' id='word_1_117' title='bbox 1318 1762 1590 1829; x_wconf 83' lang='lat' dir='ltr'>spinosos,</span> <span class='ocrx_word' id='word_1_118' title='bbox 1637 1772 1742 1814; x_wconf 84' lang='lat' dir='ltr'>tam</span> <span class='ocrx_word' id='word_1_119' title='bbox 1790 1765 2027 1830; x_wconf 81' lang='lat' dir='ltr'>superio-</span> 
     </span>
     <span class='ocr_line' id='line_1_19' title="bbox 385 1846 2020 1913; baseline 0 -17"><span class='ocrx_word' id='word_1_120' title='bbox 385 1863 521 1905; x_wconf 83' lang='lat' dir='ltr'>rem,</span> <span class='ocrx_word' id='word_1_121' title='bbox 560 1853 664 1895; x_wconf 82' lang='lat' dir='ltr'>tam</span> <span class='ocrx_word' id='word_1_122' title='bbox 700 1846 1001 1896; x_wconf 85' lang='lat' dir='ltr'>inferiorem</span> <span class='ocrx_word' id='word_1_123' title='bbox 1021 1883 1034 1906; x_wconf 93' lang='lat'><strong><em>‚</em></strong></span> <span class='ocrx_word' id='word_1_124' title='bbox 1073 1847 1238 1897; x_wconf 84' lang='lat' dir='ltr'>costis</span> <span class='ocrx_word' id='word_1_125' title='bbox 1263 1853 1518 1895; x_wconf 78' lang='lat' dir='ltr'>carentem</span> <span class='ocrx_word' id='word_1_126' title='bbox 1540 1854 1780 1910; x_wconf 80' lang='lat' dir='ltr'>portant,</span> <span class='ocrx_word' id='word_1_127' title='bbox 1810 1863 2020 1913; x_wconf 82' lang='lat' dir='ltr'>proces-</span> 
     </span>
     <span class='ocr_line' id='line_1_20' title="bbox 384 1930 2023 1996; baseline 0 -16"><span class='ocrx_word' id='word_1_128' title='bbox 384 1942 476 1980; x_wconf 82' lang='lat' dir='ltr'>sus</span> <span class='ocrx_word' id='word_1_129' title='bbox 512 1945 719 1996; x_wconf 85' lang='lat' dir='ltr'>quoque</span> <span class='ocrx_word' id='word_1_130' title='bbox 757 1931 954 1996; x_wconf 82' lang='lat' dir='ltr'>obliqui</span> <span class='ocrx_word' id='word_1_131' title='bbox 1003 1931 1056 1980; x_wconf 87' lang='lat' dir='ltr'>in</span> <span class='ocrx_word' id='word_1_132' title='bbox 1115 1930 1358 1980; x_wconf 86' lang='lat' dir='ltr'>omnibus</span> <span class='ocrx_word' id='word_1_133' title='bbox 1408 1931 1762 1996; x_wconf 82' lang='lat' dir='ltr'>reperiuntur,</span> <span class='ocrx_word' id='word_1_134' title='bbox 1824 1931 2023 1981; x_wconf 82' lang='lat' dir='ltr'>ultimis</span> 
     </span>
     <span class='ocr_line' id='line_1_21' title="bbox 385 2015 2026 2081; baseline -0.002 -15"><span class='ocrx_word' id='word_1_135' title='bbox 385 2016 646 2081; x_wconf 82' lang='lat' dir='ltr'>exceptiS,</span> <span class='ocrx_word' id='word_1_136' title='bbox 686 2030 899 2080; x_wconf 83' lang='lat' dir='ltr'>quarum</span> <span class='ocrx_word' id='word_1_137' title='bbox 939 2015 1102 2080; x_wconf 80' lang='lat' dir='ltr'>paries</span> <span class='ocrx_word' id='word_1_138' title='bbox 1133 2021 1188 2064; x_wconf 81' lang='lat' dir='ltr'>et</span> <span class='ocrx_word' id='word_1_139' title='bbox 1223 2016 1456 2079; x_wconf 85' lang='lat' dir='ltr'>superior</span> <span class='ocrx_word' id='word_1_140' title='bbox 1482 2022 1535 2066; x_wconf 79' lang='lat' dir='ltr'>et</span> <span class='ocrx_word' id='word_1_141' title='bbox 1562 2015 1778 2065; x_wconf 72' lang='lat' dir='ltr'>inferior</span> <span class='ocrx_word' id='word_1_142' title='bbox 1810 2015 1873 2064; x_wconf 81' lang='lat' dir='ltr'>ad</span> <span class='ocrx_word' id='word_1_143' title='bbox 1901 2029 2026 2081; x_wconf 86' lang='lat' dir='ltr'>pro-</span> 
     </span>
     <span class='ocr_line' id='line_1_22' title="bbox 384 2098 2028 2167; baseline 0 -19"><span class='ocrx_word' id='word_1_144' title='bbox 384 2115 624 2149; x_wconf 88' lang='lat' dir='ltr'>cessuum</span> <span class='ocrx_word' id='word_1_145' title='bbox 668 2101 1034 2167; x_wconf 85' lang='lat' dir='ltr'>spinosorum,</span> <span class='ocrx_word' id='word_1_146' title='bbox 1095 2098 1184 2164; x_wconf 86' lang='lat' dir='ltr'>qui</span> <span class='ocrx_word' id='word_1_147' title='bbox 1219 2098 1496 2149; x_wconf 82' lang='lat' dir='ltr'>volumine</span> <span class='ocrx_word' id='word_1_148' title='bbox 1548 2099 1800 2165; x_wconf 83' lang='lat' dir='ltr'>gradatim</span> <span class='ocrx_word' id='word_1_149' title='bbox 1832 2113 2028 2163; x_wconf 84' lang='lat' dir='ltr'>augen-</span> 
     </span>
    </p>
   </div>
   <div class='ocr_carea' id='block_1_3' title="bbox 451 2266 2023 3178">
    <p class='ocr_par' dir='ltr' id='par_1_5' title="bbox 453 2266 2023 2499">
     <span class='ocr_line' id='line_1_23' title="bbox 453 2266 2021 2329; baseline -0.003 -11"><span class='ocrx_word' id='word_1_150' title='bbox 453 2274 511 2329; x_wconf 82' lang='lat'>1)</span> <span class='ocrx_word' id='word_1_151' title='bbox 544 2277 684 2322; x_wconf 84' lang='lat' dir='ltr'>Ueber</span> <span class='ocrx_word' id='word_1_152' title='bbox 726 2274 793 2318; x_wconf 83' lang='lat' dir='ltr'>die</span> <span class='ocrx_word' id='word_1_153' title='bbox 834 2282 978 2316; x_wconf 83' lang='lat' dir='ltr'>ersten</span> <span class='ocrx_word' id='word_1_154' title='bbox 1021 2273 1192 2327; x_wconf 82' lang='lat' dir='ltr'>Spnren</span> <span class='ocrx_word' id='word_1_155' title='bbox 1229 2271 1308 2314; x_wconf 80' lang='lat' dir='ltr'>des</span> <span class='ocrx_word' id='word_1_156' title='bbox 1351 2272 1758 2328; x_wconf 76' lang='lat' dir='ltr'>Knochensystems</span> <span class='ocrx_word' id='word_1_157' title='bbox 1806 2270 1897 2313; x_wconf 84' lang='lat' dir='ltr'>und</span> <span class='ocrx_word' id='word_1_158' title='bbox 1946 2266 2021 2314; x_wconf 79' lang='lat' dir='ltr'>die</span> 
     </span>
     <span class='ocr_line' id='line_1_24' title="bbox 544 2353 2023 2412; baseline -0.003 -11"><span class='ocrx_word' id='word_1_159' title='bbox 544 2359 856 2412; x_wconf 65' lang='lat' dir='ltr'>Entwiclzlung</span> <span class='ocrx_word' id='word_1_160' title='bbox 891 2358 968 2399; x_wconf 90' lang='lat' dir='ltr'>der</span> <span class='ocrx_word' id='word_1_161' title='bbox 1003 2356 1294 2405; x_wconf 69' lang='lat' dir='ltr'>Wirbelsit&#39;ule</span> <span class='ocrx_word' id='word_1_162' title='bbox 1356 2356 1398 2397; x_wconf 88' lang='lat' dir='ltr'>in</span> <span class='ocrx_word' id='word_1_163' title='bbox 1439 2357 1523 2399; x_wconf 86' lang='lat' dir='ltr'>den</span> <span class='ocrx_word' id='word_1_164' title='bbox 1561 2356 1763 2401; x_wconf 79' lang='lat' dir='ltr'>Tbieren.</span> <span class='ocrx_word' id='word_1_165' title='bbox 1829 2353 2023 2401; x_wconf 81' lang='lat' dir='ltr'>Meckels</span> 
     </span>
     <span class='ocr_line' id='line_1_25' title="bbox 543 2437 1545 2499; baseline -0.009 -10"><span class='ocrx_word' id='word_1_166' title='bbox 543 2445 679 2489; x_wconf 69' lang='lat' dir='ltr'>Axch.</span> <span class='ocrx_word' id='word_1_167' title='bbox 705 2445 737 2491; x_wconf 81' lang='lat' dir='ltr'>f.</span> <span class='ocrx_word' id='word_1_168' title='bbox 773 2442 970 2499; x_wconf 78' lang='lat' dir='ltr'>Physiol.</span> <span class='ocrx_word' id='word_1_169' title='bbox 999 2443 1053 2487; x_wconf 86' lang='lat' dir='ltr'>T.</span> <span class='ocrx_word' id='word_1_170' title='bbox 1079 2445 1156 2489; x_wconf 83' lang='lat' dir='ltr'>lV.</span> <span class='ocrx_word' id='word_1_171' title='bbox 1191 2444 1246 2486; x_wconf 85' lang='lat' dir='ltr'>H.</span> <span class='ocrx_word' id='word_1_172' title='bbox 1273 2440 1317 2482; x_wconf 88' lang='grc'>3.</span> <span class='ocrx_word' id='word_1_173' title='bbox 1348 2454 1391 2495; x_wconf 90' lang='lat' dir='ltr'>p.</span> <span class='ocrx_word' id='word_1_174' title='bbox 1433 2437 1545 2485; x_wconf 79' lang='lat'>363.</span> 
     </span>
    </p>

    <p class='ocr_par' dir='ltr' id='par_1_6' title="bbox 451 2524 2017 2671">
     <span class='ocr_line' id='line_1_26' title="bbox 451 2524 2017 2585; baseline -0.004 -14"><span class='ocrx_word' id='word_1_175' title='bbox 451 2527 505 2583; x_wconf 80' lang='lat'>2)</span> <span class='ocrx_word' id='word_1_176' title='bbox 541 2531 673 2585; x_wconf 76' lang='lat' dir='ltr'>Apud</span> <span class='ocrx_word' id='word_1_177' title='bbox 705 2528 1018 2583; x_wconf 80' lang='lat' dir='ltr'>Accipenseres</span> <span class='ocrx_word' id='word_1_178' title='bbox 1060 2526 1287 2571; x_wconf 80' lang='lat' dir='ltr'>Sturiones</span> <span class='ocrx_word' id='word_1_179' title='bbox 1334 2539 1434 2580; x_wconf 81' lang='lat' dir='ltr'>pars</span> <span class='ocrx_word' id='word_1_180' title='bbox 1487 2526 1563 2568; x_wconf 85' lang='lat' dir='ltr'>illa</span> <span class='ocrx_word' id='word_1_181' title='bbox 1600 2524 1780 2569; x_wconf 80' lang='lat' dir='ltr'>inferior</span> <span class='ocrx_word' id='word_1_182' title='bbox 1827 2535 2017 2568; x_wconf 84' lang='lat' dir='ltr'>tantum-</span> 
     </span>
     <span class='ocr_line' id='line_1_27' title="bbox 542 2609 2017 2671; baseline -0.005 -15"><span class='ocrx_word' id='word_1_183' title='bbox 542 2615 672 2657; x_wconf 87' lang='lat' dir='ltr'>modo</span> <span class='ocrx_word' id='word_1_184' title='bbox 697 2615 873 2671; x_wconf 79' lang='lat' dir='ltr'>p&#39;mnam</span> <span class='ocrx_word' id='word_1_185' title='bbox 899 2612 1122 2654; x_wconf 80' lang='lat' dir='ltr'>caudalem</span> <span class='ocrx_word' id='word_1_186' title='bbox 1149 2618 1282 2654; x_wconf 85' lang='lat' dir='ltr'>totam</span> <span class='ocrx_word' id='word_1_187' title='bbox 1316 2610 1499 2659; x_wconf 54' lang='lat' dir='ltr'>forman</span> <span class='ocrx_word' id='word_1_188' title='bbox 1541 2609 1656 2665; x_wconf 79' lang='lat' dir='ltr'>apud</span> <span class='ocrx_word' id='word_1_189' title='bbox 1683 2609 1867 2665; x_wconf 83' lang='lat' dir='ltr'>Squalos</span> <span class='ocrx_word' id='word_1_190' title='bbox 1915 2621 2017 2664; x_wconf 84' lang='lat' dir='ltr'>pars</span> 
     </span>
    </p>

    <p class='ocr_par' dir='ltr' id='par_1_7' title="bbox 504 2692 1676 2754">
     <span class='ocr_line' id='line_1_28' title="bbox 504 2692 1676 2754; baseline -0.003 -14"><span class='ocrx_word' id='word_1_191' title='bbox 504 2728 507 2729; x_wconf 25' lang='grc' dir='ltr'><em>ν</em></span> <span class='ocrx_word' id='word_1_192' title='bbox 539 2697 739 2754; x_wconf 80' lang='lat' dir='ltr'>superior</span> <span class='ocrx_word' id='word_1_193' title='bbox 771 2698 824 2739; x_wconf 78' lang='lat' dir='ltr'>ad</span> <span class='ocrx_word' id='word_1_194' title='bbox 853 2695 972 2739; x_wconf 85' lang='lat' dir='ltr'>illam</span> <span class='ocrx_word' id='word_1_195' title='bbox 1002 2695 1270 2740; x_wconf 79' lang='lat' dir='ltr'>formandam</span> <span class='ocrx_word' id='word_1_196' title='bbox 1303 2708 1453 2750; x_wconf 80' lang='lat' dir='ltr'>parum</span> <span class='ocrx_word' id='word_1_197' title='bbox 1486 2692 1676 2747; x_wconf 74' lang='lat' dir='ltr'>adjuvat.</span> 
     </span>
    </p>

    <p class='ocr_par' dir='ltr' id='par_1_8' title="bbox 453 2774 2019 3178">
     <span class='ocr_line' id='line_1_29' title="bbox 453 2774 2019 2836; baseline -0.002 -13"><span class='ocrx_word' id='word_1_198' title='bbox 453 2779 503 2834; x_wconf 79' lang='lat'>3)</span> <span class='ocrx_word' id='word_1_199' title='bbox 537 2783 752 2828; x_wconf 72' lang='lat' dir='ltr'>Fariones</span> <span class='ocrx_word' id='word_1_200' title='bbox 791 2780 988 2822; x_wconf 77' lang='lat' dir='ltr'>nonnulli</span> <span class='ocrx_word' id='word_1_201' title='bbox 1027 2780 1106 2822; x_wconf 77' lang='lat' dir='ltr'>hoc</span> <span class='ocrx_word' id='word_1_202' title='bbox 1153 2782 1370 2836; x_wconf 82' lang='lat' dir='ltr'>praeclare</span> <span class='ocrx_word' id='word_1_203' title='bbox 1404 2774 1731 2827; x_wconf 45' lang='lat' dir='ltr'>demonstrant)</span> <span class='ocrx_word' id='word_1_204' title='bbox 1768 2792 1865 2821; x_wconf 85' lang='lat' dir='ltr'>cum</span> <span class='ocrx_word' id='word_1_205' title='bbox 1903 2779 2019 2822; x_wconf 86' lang='lat' dir='ltr'>duas</span> 
     </span>
     <span class='ocr_line' id='line_1_30' title="bbox 541 2848 2008 2921; baseline -0.004 -11"><span class='ocrx_word' id='word_1_206' title='bbox 541 2869 652 2910; x_wconf 83' lang='lat' dir='ltr'>inter</span> <span class='ocrx_word' id='word_1_207' title='bbox 691 2875 833 2921; x_wconf 79' lang='lat' dir='ltr'>partes</span> <span class='ocrx_word' id='word_1_208' title='bbox 863 2866 1018 2921; x_wconf 83' lang='lat' dir='ltr'>pinnae</span> <span class='ocrx_word' id='word_1_209' title='bbox 1046 2864 1259 2916; x_wconf 79' lang='lat' dir='ltr'>caudalis,</span> <span class='ocrx_word' id='word_1_210' title='bbox 1298 2848 1410 2906; x_wconf 77' lang='lat' dir='ltr'>inter</span> <span class='ocrx_word' id='word_1_211' title='bbox 1444 2861 1709 2920; x_wconf 83' lang='lat' dir='ltr'>superiorem</span> <span class='ocrx_word' id='word_1_212' title='bbox 1757 2872 1799 2905; x_wconf 88' lang='lat' dir='ltr'>et</span> <span class='ocrx_word' id='word_1_213' title='bbox 1833 2863 2008 2906; x_wconf 83' lang='lat' dir='ltr'>inferio-</span> 
     </span>
     <span class='ocr_line' id='line_1_31' title="bbox 542 2949 2015 3004; baseline -0.005 -8"><span class='ocrx_word' id='word_1_214' title='bbox 542 2966 650 3003; x_wconf 79' lang='lat' dir='ltr'>rern,</span> <span class='ocrx_word' id='word_1_215' title='bbox 688 2949 965 2994; x_wconf 74' lang='lat' dir='ltr'>intervallum</span> <span class='ocrx_word' id='word_1_216' title='bbox 999 2964 1205 3004; x_wconf 84' lang='lat' dir='ltr'>magnum</span> <span class='ocrx_word' id='word_1_217' title='bbox 1227 2979 1241 2998; x_wconf 87' lang='lat'><em>,</em></span> <span class='ocrx_word' id='word_1_218' title='bbox 1278 2950 1363 2992; x_wconf 86' lang='lat' dir='ltr'>tela</span> <span class='ocrx_word' id='word_1_219' title='bbox 1400 2950 1606 2992; x_wconf 84' lang='lat' dir='ltr'>cellulosa</span> <span class='ocrx_word' id='word_1_220' title='bbox 1634 2950 1886 3004; x_wconf 70' lang='lat' dir='ltr'>expletum,</span> <span class='ocrx_word' id='word_1_221' title='bbox 1913 2961 2015 2990; x_wconf 85' lang='lat' dir='ltr'>con-</span> 
     </span>
     <span class='ocr_line' id='line_1_32' title="bbox 545 3031 2017 3094; baseline -0.005 -15"><span class='ocrx_word' id='word_1_222' title='bbox 545 3035 739 3094; x_wconf 79' lang='lat' dir='ltr'>spicuum</span> <span class='ocrx_word' id='word_1_223' title='bbox 781 3044 848 3076; x_wconf 84' lang='lat' dir='ltr'>est</span> <span class='ocrx_word' id='word_1_224' title='bbox 876 3048 1059 3093; x_wconf 83' lang='lat' dir='ltr'>cumque</span> <span class='ocrx_word' id='word_1_225' title='bbox 1094 3035 1138 3078; x_wconf 84' lang='lat' dir='ltr'>in</span> <span class='ocrx_word' id='word_1_226' title='bbox 1168 3045 1288 3092; x_wconf 85' lang='lat' dir='ltr'>parte</span> <span class='ocrx_word' id='word_1_227' title='bbox 1336 3034 1538 3078; x_wconf 70' lang='lat' dir='ltr'>inferiore</span> <span class='ocrx_word' id='word_1_228' title='bbox 1577 3046 1806 3090; x_wconf 77' lang='lat' dir='ltr'>processus</span> <span class='ocrx_word' id='word_1_229' title='bbox 1850 3031 2017 3086; x_wconf 75' lang='lat' dir='ltr'>spinosi</span> 
     </span>
     <span class='ocr_line' id='line_1_33' title="bbox 540 3116 2015 3178; baseline -0.005 -15"><span class='ocrx_word' id='word_1_230' title='bbox 540 3120 733 3177; x_wconf 60' lang='lat' dir='ltr'>mellique</span> <span class='ocrx_word' id='word_1_231' title='bbox 777 3119 971 3174; x_wconf 76' lang='lat' dir='ltr'>piunales</span> <span class='ocrx_word' id='word_1_232' title='bbox 1013 3124 1191 3178; x_wconf 83' lang='lat' dir='ltr'>plures,</span> <span class='ocrx_word' id='word_1_233' title='bbox 1237 3133 1366 3176; x_wconf 83' lang='lat' dir='ltr'>quam</span> <span class='ocrx_word' id='word_1_234' title='bbox 1410 3118 1453 3162; x_wconf 81' lang='lat' dir='ltr'>in</span> <span class='ocrx_word' id='word_1_235' title='bbox 1500 3117 1718 3175; x_wconf 78' lang='lat' dir='ltr'>superiori</span> <span class='ocrx_word' id='word_1_236' title='bbox 1759 3116 2015 3160; x_wconf 73' lang='lat' dir='ltr'>numerandi</span> 
     </span>
    </p>
   </div>
   <div class='ocr_carea' id='block_1_4' title="bbox 545 3213 664 3248">
    <p class='ocr_par' dir='ltr' id='par_1_9' title="bbox 545 3213 664 3248">
     <span class='ocr_line' id='line_1_34' title="bbox 545 3213 664 3248; baseline -0.008 -1"><span class='ocrx_word' id='word_1_237' title='bbox 545 3213 664 3248; x_wconf 77' lang='lat' dir='ltr'>sunt.</span> 
     </span>
    </p>
   </div>
  </div>
 </body>
</html>
