2064 3706
1584 236 1658 295 15

122 370 288 424 Breve
317 378 434 423 ante
466 377 671 436 tempus
705 369 753 419 in
782 368 1103 436 ephemeride
1128 375 1341 439 quadam
1368 376 1418 438 ¹)
1453 388 1671 434 annota-

25 459 227 507 tionem
257 456 389 521 legi,
445 455 696 503 maculam
725 456 931 519 igneam
962 459 1105 523 pueri
1144 458 1329 511 faciem
1365 460 1473 513 fere
1503 472 1671 518 totam

27 548 290 604 tegentem
317 537 549 589 Farionis
588 539 838 605 sanguine
876 541 1071 592 recenti
1106 545 1311 610 saepius
1344 543 1483 597 illito
1527 565 1672 601 sana-

23 632 128 675 tam
161 640 286 675 esse.

131 889 278 940 Vitae
306 878 548 940 decursus,
615 887 701 941 Ex
734 892 857 940 ovis
894 891 994 941 vix
1031 887 1191 959 elapsi
1229 893 1466 961 pisciculi
1506 895 1673 948 adhuc

30 974 197 1026 teneri
229 991 413 1042 aquam
452 981 715 1039 permeant
747 975 894 1038 laeti,
929 979 1092 1027 modo
1131 994 1188 1028 se
1225 981 1546 1046 conglobant
1582 997 1675 1047 ag-

31 1061 272 1125 minaque
322 1075 504 1111 eorum
553 1059 812 1111 discessus
859 1075 1060 1128 parvos
1109 1064 1483 1130 aggrediuntur
1525 1081 1676 1118 com-

28 1159 235 1200 muneS.

124 1224 406 1280 Pisciculus
449 1229 601 1296 agilis
638 1231 815 1296 primis
850 1229 999 1280 horis
1039 1236 1197 1295 atque
1238 1230 1420 1284 diebus
1460 1232 1676 1302 conspi-

24 1327 130 1364 cuo
174 1315 530 1381 magnitudine
593 1322 747 1381 atque
790 1315 990 1368 viribus
1045 1318 1267 1379 crescit,
1318 1318 1480 1368 serius
1518 1332 1674 1380 vem,

26 1405 153 1464 post
180 1396 526 1452 hebdomadas
556 1402 755 1466 aliquot
777 1401 1036 1468 perlapsas
1054 1438 1068 1458 ‚
1104 1402 1408 1452 incrementi
1431 1417 1675 1469 progres—

27 1499 117 1532 sus
146 1483 271 1534 facit
297 1483 557 1547 minores;
594 1487 711 1553 quia
733 1488 820 1537 vis
846 1487 1027 1537 vitalis
1054 1486 1217 1552 magis
1264 1489 1324 1537 ad
1361 1487 1678 1537 confirman-

25 1566 114 1616 das
151 1583 304 1633 quam
347 1571 408 1620 ad
448 1571 709 1637 augendas
743 1572 979 1636 corporis
1021 1579 1189 1638 partes
1235 1571 1426 1622 directa
1455 1577 1551 1621 est.
1616 1568 1677 1621 Si

25 1652 124 1702 hae
164 1652 522 1716 magnitudine
555 1654 762 1704 tandem
797 1662 952 1720 atque
988 1654 1235 1705 firmitate
1271 1655 1577 1714 sufficiunt,
1611 1653 1678 1704 ad

24 1752 204 1786 semen
244 1751 457 1802 ovaque
485 1735 755 1788 formanda
786 1742 874 1790 vis
903 1739 1010 1791 fere
1037 1741 1213 1789 omnis
1234 1740 1561 1806 postulatur3
1595 1739 1679 1789 ni-

24 1816 316 1870 hilominus
341 1822 554 1873 durante
576 1819 682 1875 hoc
714 1831 951 1892 tempore
978 1825 1135 1890 piscis
1160 1833 1344 1876 noster
1386 1825 1572 1876 crescit
1593 1825 1677 1875 in-

28 1913 457 1975 crementumque
486 1907 598 1976 ejus
626 1925 789 1977 paene
811 1912 872 1960 ad
904 1916 1232 1961 senectutem
1267 1926 1433 1977 usque
1465 1926 1521 1960 se
1553 1924 1676 1977 pro-

26 1991 158 2042 ferre
186 1991 412 2043 videtur.

124 2077 216 2130 Ex
253 2077 462 2144 ephebis
503 2080 660 2130 etiarn
703 2081 938 2140 excessi,
971 2079 1213 2132 Fariones
1258 2096 1521 2148 nunquam
1563 2094 1679 2132 sese

30 2163 251 2213 omnino
295 2163 627 2228 relinquunt,
680 2165 984 2232 intensaque
1032 2167 1444 2231 investigatione
1477 2173 1687 2234 peracta

31 2245 184 2297 Fario
209 2262 325 2297 raro
362 2249 510 2297 solus
544 2249 828 2300 invenitur.
894 2253 952 2300 ln
974 2249 1071 2301 hac
1101 2267 1233 2302 vero
1270 2251 1507 2300 coitione
1538 2249 1683 2300 nulla

32 2348 194 2381 sexus
224 2336 361 2383 ratio
386 2341 624 2385 versatur
641 2373 654 2396 ‚
689 2351 809 2385 curn
832 2334 870 2385 F
872 2337 1074 2387 ariones
1098 2337 1236 2386 sicut
1265 2345 1317 2385 et
1345 2335 1554 2402 plurimi
1576 2335 1687 2402 pis-

32 2435 150 2477 ceS‚
186 2418 401 2470 minime
438 2417 739 2486 conjugales
767 2430 908 2473 sunt.

158 2504 214 2555 Si
241 2507 306 2555 iis
339 2506 619 2556 minaretur
635 2506 941 2572 periculum,
969 2524 1033 2557 eo
1054 2504 1438 2573 disjectimodo
1457 2521 1513 2554 se
1530 2503 1684 2554 colli-

31 2596 187 2656 gunt.
253 2590 414 2658 Saepe
458 2592 514 2643 in
547 2590 817 2641 nonnullis
855 2593 1125 2643 montium
1157 2590 1452 2642 rivulorum
1502 2603 1683 2639 caver-

33 2674 115 2723 nis
169 2673 204 2725 F
207 2675 447 2726 arionum
499 2683 736 2729 catervae
798 2677 1150 2745 reperiuntur,
1222 2692 1353 2744 quae
1404 2673 1689 2742 adpropin=

32 2767 222 2823 quante
253 2757 446 2829 hyeme
497 2777 616 2812 cum
665 2776 795 2827 aqua
834 2762 1083 2828 gradatim
1119 2762 1372 2814 decrescit
1398 2796 1414 2823 ,
1464 2757 1682 2825 propio-

33 2856 116 2892 res
160 2860 230 2895 se.
259 2846 599 2913 conglobant,
644 2848 954 2914 tandemque
996 2846 1290 2898 sufficiente
1328 2845 1527 2912 frigore
1564 2857 1683 2893 orn-

38 2941 135 2978 nes
179 2930 234 2980 in
273 2945 440 2982 unum
484 2932 773 2999 gelascunt.
835 2957 892 2970 -·
982 2931 1217 3000 Opinio,
1273 2931 1361 2984 cui
1406 2927 1567 2995 aliqui
1603 2925 1681 2977 fa-

39 3078 385 3099 ----
1517 3110 1532 3130 0

119 3167 173 3225 1)
217 3173 564 3234 Correspondent
597 3189 680 3223 von
706 3173 795 3218 und
819 3175 890 3218 fiir
912 3173 1226 3221 Deutschland.
1263 3173 1403 3222 1828.
1436 3178 1545 3226 Nro.
1567 3157 1678 3210 ¹95·
