2064 3706
1628 276 1708 332 53

78 410 340 472 insidenS,
376 409 590 468 format,
640 411 702 463 de
750 425 856 477 quo
889 412 942 462 in
977 413 1112 461 ossis
1143 413 1331 479 pariete
1362 413 1619 464 anteriore
1650 422 1704 467 et

78 495 365 559 posteriore
397 497 580 544 cristae
611 503 825 546 exeunt.
892 496 1052 547 Crista
1087 499 1138 545 in
1173 497 1297 545 radii
1331 496 1480 561 primi
1513 499 1705 562 pariete

79 579 334 627 anteriore
364 594 473 627 non
509 595 684 644 parum
731 580 925 629 eminet
958 586 1010 629 et
1060 581 1259 628 ossium
1294 581 1705 648 illorum,·quae

76 669 196 711 ante
227 663 433 727 pinnam
469 662 723 713 dorsalem
778 663 911 712 inter
943 679 1219 729 processus
1255 665 1500 730 spinosos
1533 667 1706 732 posita

78 752 238 804 sunt,
276 746 518 795 ultimum
554 747 778 812 attingit.
817 775 870 783 —-

180 827 463 879 Radiorum
519 831 727 896 pinnam
776 831 1031 882 dorsaiem
1080 832 1398 895 portantium
1432 834 1714 887 anteriores

78 911 299 973 majores
350 915 673 980 omninoque
733 917 892 974 recti,
973 915 1288 980 posteriores
1331 916 1599 965 breviores
1653 923 1709 966 et

79 997 346 1061 paululum
391 1001 540 1048 curvi
575 1005 725 1060 sunt;
779 1003 980 1058 omnes}
1012 1006 1182 1047 autem
1215 1000 1534 1065 resupinant.
1597 999 1708 1050 Eo-

77 1095 189 1129 rum
227 1095 470 1131 numerus
505 1082 762 1132 radiorum
794 1085 1003 1149 pinnae,
1038 1098 1189 1148 quam
1223 1091 1451 1148 portant,
1486 1097 1706 1132 numero

71 1164 325 1213 convenit
367 1172 420 1215 et
471 1181 587 1216 cum
631 1183 696 1216 eo
746 1169 948 1226 variat3
1019 1167 1303 1234 longitudo
1360 1181 1699 1233 processuum

73 1247 412 1313 spinosorum
449 1250 824 1315 longitudinem
858 1259 1056 1318 aequat.
1093 1279 1145 1289 —-

168 1330 472 1397 Ligamenta
518 1336 868 1402 interspinalia
893 1372 907 1395 ‚
957 1352 1087 1402 quae
1134 1336 1270 1403 prius
1304 1333 1627 1391 memoravi,
1663 1340 1716 1382 et

71 1414 208 1464 inter
244 1416 372 1474 hOS‚
436 1418 523 1483 qui
566 1419 738 1485 pinam
781 1426 1020 1485 portant,
1070 1422 1239 1470 radios
1288 1435 1400 1468 sese
1425 1418 1714 1468 extendunt

74 1499 338 1566 igiturque
370 1515 462 1550 eos
496 1510 550 1552 et
580 1519 856 1568 processus
890 1505 1134 1570 spinosos
1169 1505 1435 1569 colligant.

137 1626 167 1676 b
196 1627 233 1689 )
303 1625 528 1680 Ossia-ula
575 1630 885 1681 articularia.

161 1706 402 1761 Ossicula
432 1711 558 1761 haec
588 1715 938 1780 cylindracea‚
976 1730 1162 1781 parva,
1196 1713 1351 1764 binos
1386 1713 1520 1762 inter
1539 1711 1711 1762 radios

70 1793 280 1861 pinnam
312 1801 580 1860 portantes
612 1797 910 1862 ligamentis
961 1798 1123 1849 affixa
1156 1808 1276 1848 sunt
1310 1812 1595 1862 eorumque
1627 1812 1715 1846 su·-

72 1877 307 1943 perficies
340 1883 447 1928 tam
479 1882 713 1930 anterior
734 1917 748 1940 ,
804 1889 912 1932 tam
946 1884 1208 1948 posterior
1242 1879 1591 1931 articulationi
1626 1881 1710 1930 di-

69 1968 181 2013 cata
230 1969 324 2015 est.
381 1994 444 2004 -
509 1962 814 2031 Superficies
861 1967 1090 2017 anterior
1138 1966 1405 2034 paululum
1458 1965 1711 2031 depressa,

73 2046 202 2096 radii
251 2048 597 2113 praecedentis
630 2048 913 2114 capitulum
947 2051 1217 2101 articulare
1251 2049 1462 2115 recipit;
1499 2049 1716 2114 superf-

74 2130 173 2180 ciei
205 2147 337 2180 vero
390 2133 694 2198 posterioris
737 2149 918 2198 margo
969 2135 1188 2184 inferior
1237 2133 1422 2182 cristae
1470 2132 1717 2180 anteriori

74 2214 204 2264 radii
238 2218 499 2280 sequentis
535 2224 653 2267 ante
685 2219 967 2284 capitulum
1002 2220 1228 2277 insidet,
1267 2232 1373 2283 quo
1408 2216 1620 2274 evcnit,
1658 2224 1718 2265 ut

72 2299 428 2350 ossiculorum
477 2309 644 2367 partes
694 2304 1011 2367 posteriores
1067 2301 1333 2368 paululum
1367 2300 1580 2349 altiores
1615 2316 1711 2348 ex=

74 2391 231 2435 stent.
258 2412 313 2421 —
381 2385 443 2434 In
470 2386 716 2436 cavitates
749 2403 814 2436 eo
850 2388 1010 2436 modo
1046 2396 1188 2437 ortas
1222 2386 1409 2452 pinnae
1443 2385 1714 2433 radiorum

73 2468 295 2533 capitula
329 2469 615 2519 articularia
664 2487 779 2521 sese
811 2472 1084 2522 immitunt
1120 2479 1173 2521 et
1207 2487 1325 2521 cum
1361 2467 1716 2518 ossiculorum

72 2552 344 2620 superficie
389 2554 680 2620 posteriore
712 2563 764 2605 et
812 2572 930 2606 cum
965 2556 1174 2621 capituli
1209 2555 1468 2606 radiorum
1505 2552 1715 2617 pinnam

71 2639 394 2704 portantium
427 2646 570 2703 parte
614 2641 872 2692 anteriore
925 2641 1342 2692 articulationem
1376 2634 1709 2705 ginglymoi-

77 2721 246 2773 dalem
279 2725 527 2776 formant.

176 2851 235 2914 c)
301 2850 460 2903 Raetii
496 2852 695 2918 pinnae.

175 2934 367 2986 Radius
400 2936 616 3002 quisque
643 2964 692 2976 -
723 2935 885 2989 Pinna
903 2934 1190 2986 secundum
1223 2931 1509 2985 Rosenthal
1536 2958 1590 2971 -
1623 2929 1718 2982 du-

82 3021 209 3070 abus
253 3036 283 3070 e
336 3021 562 3087 partibus
611 3021 744 3072 inter
796 3038 853 3072 se
902 3019 1197 3086 aequalibus
1230 3049 1292 3060 --
1325 3016 1559 3069 Pinnulz‘s
1624 3031 1717 3065 seu

84 3102 393 3170 Semipinnis
458 3133 509 3144 --
571 3113 813 3168 constat,
904 3121 1034 3173 quae
1091 3119 1313 3171 superne
1376 3103 1528 3170 plane
1587 3114 1716 3150 con-

82 3185 328 3248 haerent‚
374 3189 607 3255 quarum]
632 3191 761 3244 fines
806 3196 978 3243 autem
1028 3186 1300 3241 inferiores
1347 3184 1616 3255 paululum
1654 3182 1719 3234 de
