2064 3706
369 260 447 320 6-4

362 412 589 478 permeat
610 448 621 465 ,
652 405 721 454 ita
754 410 813 454 ut
862 406 913 454 in
950 398 1267 452 mandibulae
1300 398 1563 450 cacumine
1597 411 1715 447 cum
1751 395 1882 447 alius
1916 397 1988 447 la-··

363 492 487 541 teris
521 492 775 557 opposito
824 487 1136 545 conveniat3
1201 484 1337 533 sicut
1369 483 1454 532 alii
1488 493 1540 533 et
1573 481 1657 533 hic
1680 481 1994 532 canaliculos

363 575 417 626 in
449 573 770 641 superficiem
801 575 926 630 edit,

427 659 488 720 b)
551 659 613 709 In
648 658 796 708 Ossis
829 653 1317 725 postmandibularis
1350 659 1587 703 extremo
1619 652 1828 718 postico
1862 649 1998 699 ossi-

363 743 538 794 culum
594 742 905 808 triangulare
959 740 1258 805 adjunctum
1307 745 1422 799 est,
1487 722 1627 803 quod
1669 724 1897 802 Boja'nus
1944 748 1998 783 os

359 828 647 896 margilmle
671 828 909 878 maxillae
945 824 1206 894 inferioris
1241 823 1502 877 nominat.

423 918 479 975 c)
551 913 617 962 Os
652 912 996 963 mammam-e

550 997 747 1060 (Arcus
782 997 1024 1047 maxillae
1058 984 1211 1060 1303.)

364 1096 394 1132 e
429 1087 569 1148 parte
602 1080 850 1131 alveolari
886 1087 937 1129 et
968 1095 1216 1146 processu
1251 1071 1482 1126 inferiori
1516 1071 1869 1138 compositum
1904 1077 1999 1131 est;

363 1182 478 1234 pars
511 1164 788 1215 alveolaris
823 1165 1065 1228 marginis
1091 1162 1337 1212 maxillae
1373 1158 1631 1208 inferioris
1665 1164 1859 1223 partem
1895 1173 2004 1207 me·-

359 1252 498 1301 diam
530 1249 723 1298 format
756 1255 807 1296 et
840 1248 900 1296 ad
937 1248 1069 1294 ossis
1103 1243 1588 1311 postmandibularis
1635 1253 1824 1304 corpus
1858 1248 2003 1290 tran-

360 1337 467 1393 sit,
541 1332 595 1381 in
640 1332 871 1396 margine
914 1331 1165 1397 superiori
1198 1334 1373 1381 dentes
1407 1342 1659 1394 magnOS,
1695 1326 2004 1375 incurvatos

361 1419 487 1476 fert3
536 1417 589 1466 in
624 1416 787 1465 totius
822 1417 1057 1482 corporis
1093 1415 1227 1465 linea
1256 1415 1422 1464 media
1458 1410 1626 1461 massa
1660 1408 2004 1461 fibrocartila·

362 1501 515 1568 gine&
560 1516 676 1550 cum
715 1517 772 1549 ea
806 1500 1014 1549 alterius
1067 1500 1239 1549 lateris
1272 1498 1629 1564 conjungitur.
1667 1523 1731 1535 —-
1794 1494 2005 1544 Proces-

367 1603 456 1637 sus
505 1604 534 1636 a
582 1587 738 1650 partis
784 1585 1060 1635 alveolaris
1108 1582 1284 1634 infima
1331 1583 1439 1633 fine
1481 1588 1619 1631 retro
1667 1578 2006 1645 progrediens

377 1671 440 1722 ad
485 1686 548 1719 os
581 1670 1047 1736 postmandibulare
1081 1677 1216 1719 arcte
1250 1669 1502 1720 adhaeret.
1539 1693 1600 1703 -

422 1754 486 1819 d)
554 1755 613 1803 ln
647 1752 914 1820 superficie
946 1770 1038 1802 sua
1071 1755 1275 1804 interna
1305 1766 1421 1818 pars
1456 1750 1686 1800 anterior
1714 1747 2005 1796 ossiculum

362 1842 462 1893 fert
492 1837 803 1902 triangulare
826 1873 839 1894 ‚
877 1838 1017 1902 quod
1052 1839 1105 1887 in
1140 1838 1288 1888 filum
1322 1835 1714 1899 cartilagineum
1738 1867 1751 1890 ‚
1786 1831 1846 1878 ad
1873 1831 2007 1881 inte-

361 1928 554 1978 riorem
590 1921 912 1971 mandibulae
961 1923 1206 1986 parietem
1253 1919 1505 1984 juxtaque
1556 1917 1837 1981 marginem
1872 1914 2017 1965 infe-'

368 2012 558 2062 riorem
580 2022 606 2056 a
630 2005 887 2056 trberculo
920 2005 1180 2055 clinoideo
1205 2019 1369 2069 usque
1401 2004 1462 2052 ad
1497 1998 1824 2051 mandibulae
1857 2012 2007 2048 acum

362 2099 695 2160 porrectum,
745 2091 1125 2157 prolongatur,
1206 2089 1349 2156 quod
1412 2086 1734 2139 mandibulae
1784 2085 2006 2150 partium

363 2177 793 2246 conjunctionem
825 2174 1111 2225 firmiorem
1144 2174 1323 2225 reddit.

562 2282 631 2332 Os
684 2279 1076 2346 zygomczticum.

551 2391 572 2449 (
584 2388 657 2438 Os
691 2385 1093 2452 zygomaticum
1127 2380 1386 2451 posterius
1420 2381 1554 2446 ssoj.)

366 2495 550 2547 Planus
577 2491 663 2542 hic
697 2506 841 2542 arcus
874 2491 1036 2540 denso
1071 2507 1140 2540 ex
1184 2505 1304 2538 osse
1339 2491 1671 2538 constructus
1704 2489 1829 2550 post
1862 2482 2001 2530 ossis

368 2580 598 2647 quadrati
640 2585 806 2642 partes
853 2575 913 2625 ab
967 2591 1142 2624 earum
1196 2575 1389 2639 primae
1438 2569 1708 2620 tuberculo
1745 2560 2004 2617 articulari

368 2667 431 2716 ad
475 2661 793 2713 mandibulae
848 2659 1267 2711 articulationem
1321 2673 1485 2722 usque
1548 2670 1798 2705 extensus
1865 2651 2000 2716 jacet

369 2750 697 2816 spatiumque
745 2748 878 2796 inter
918 2760 982 2795 os
1016 2743 1318 2810 quadratum
1352 2750 1505 2808 atque
1539 2738 1843 2807 operculum
1878 2753 2007 2789 con-

368 2832 556 2882 sistens
596 2831 744 2897 tegit.

467 2935 550 2986 Ad
583 2937 866 3002 marginem
901 2947 1047 2983 suam
1096 2931 1351 2982 internam
1384 2930 1571 2979 canalis
1607 2929 1886 2994 conspicua
1921 2934 2002 2978 est

372 3018 655 3087 reliquique
708 3020 976 3070 canaliculi
1023 3032 1093 3067 ex
1143 3033 1203 3065 ea
1250 3016 1485 3064 oriuntes
1520 3029 1628 3062 non
1653 3013 1824 3061 minus
1857 3012 2006 3079 adpa-

376 3110 507 3156 rent.
578 3103 750 3169 Hujus
797 3104 982 3154 canalis
1030 3100 1335 3167 principium
1382 3098 1598 3148 inferius
1649 3099 1702 3147 in
1737 3097 2003 3147 mandibu-

376 3187 482 3238 lam
514 3189 730 3249 transit,
783 3189 1099 3254 superiorem
1133 3193 1305 3236 autem
1342 3184 1500 3234 finem
1535 3182 1821 3233 ossiculum
1856 3195 2003 3230 cana-
