2064 3706
361 264 440 323 30

458 418 538 463 η’.
610 405 798 472 Corpus
830 403 954 456 ossis
985 400 1282 472 sphenoidei.

457 514 535 564 Os
579 519 660 562 est
692 508 1073 571 hastaeforrne‚
1135 511 1512 562 canaliculato·
1526 504 1763 562 striatam
1790 543 1804 570 ‚
1850 506 2010 579 p'auln'

356 600 489 648 ’νοω-κ
496 605 638 646 atum
675 596 934 661 craniique
962 590 1201 644 omnium
1236 595 1639 660 longissimum,
1675 596 1817 662 quod
1842 612 1932 662 per
1957 613 2014 648 se

354 684 561 750 quidem
618 681 679 729 ad
723 679 882 727 cranii
929 677 1213 729 cavitatem
1256 675 1602 730 formamdam
1650 681 1724 730 nil
1773 681 2006 741 confert,-

357 763 702 815 nihilominus
736 772 906 812 autern
945 762 1005 812 ad
1046 763 1206 812 cranii
1241 778 1390 823 ossa,
1427 777 1656 830 quorum
1696 766 1895 832 aliquae
1928 764 2010 817 in-

356 858 437 899 ter
466 865 523 898 se
557 843 867 912 conjungit,
902 848 1161 897 numerari
1194 847 1363 898 debet.

451 932 499 982 A
539 938 681 998 parte
714 934 853 982 ossis
882 933 1122 999 occipitis
1159 931 1391 989 basiiari,
1433 930 1583 998 cujus
1611 932 1794 985 rimam
1830 935 1892 986 ad
1920 951 2007 985 ca-

351 1017 524 1067 nalem
567 1019 868 1075 convertit‚
914 1018 976 1068 ad
1011 1034 1131 1067 ossa
1175 1032 1339 1082 usque
1380 1015 1563 1077 faciei,
1610 1033 1840 1085 quorum
1871 1035 2009 1071 non*

351 1100 495 1151 nulla
523 1098 572 1152 ei
611 1100 797 1151 intime
826 1101 1134 1163 adhaerent,
1170 1117 1284 1151 sese
1317 1102 1557 1168 porrigit.

447 1186 507 1237 In
547 1183 705 1251 hujus
747 1185 883 1234 ossis
918 1184 1094 1234 medio
1141 1187 1289 1236 omni
1334 1186 1493 1237 latere
1533 1189 1680 1257 spina
1713 1191 2006 1241 'ascendens

346 1269 602 1335 reperitur
626 1277 773 1318 acuta
807 1275 960 1335 atque
984 1265 1200 1335 fragilia,
1240 1286 1371 1336 quae
1408 1274 1545 1322 ossis
1579 1275 1845 1340 sequentis
1871 1291 2008 1326 mars

350 1354 463 1421 gini
493 1354 747 1403 anteriori
779 1349 1120 1413 inhaerescit,
1157 1368 1391 1422 quaeque
1420 1357 1475 1408 in
1499 1355 1609 1410 basi
1643 1374 1736 1410 sua
1769 1359 2007 1413 foramen

347 1440 466 1491 vasi
503 1438 746 1506 pervium
778 1437 1121 1488 demonstrat.

441 1523 580 1575 Huic
603 1517 741 1581 ossi,
777 1521 920 1588 quod
954 1521 1226 1572 vertebrae
1261 1525 1517 1576 secundae
1559 1542 1749 1595 corpus
1790 1529 2007 1593 format,

347 1614 530 1658 sutura
561 1606 835 1674 squamosa
883 1599 1164 1671 conjuncta
1210 1606 1317 1656 duo
1353 1613 1653 1678 sequentia,
1709 1622 1827 1666 ante
1867 1619 2007 1668 ossis

343 1692 584 1758 occipitis
616 1698 812 1759 partem
833 1691 1120 1752 basilarern,
1154 1704 1274 1742 curn
1307 1708 1407 1759 qua
1440 1692 1838 1764 synchondrosi
1870 1718 2002 1753 0οη-

341 1772 587 1838 haerent,
620 1776 851 1828 insident

437 1971 520 2008 12.
570 1972 653 2022 13.
720 1949 900 2008 Partes
924 1959 1155 2024 petrosae
1188 1957 1241 2007 in
1267 1959 1454 2009 erlores

529 2060 734 2127 (Partes
752 2067 988 2126 petrosae
1015 2060 1182 2118 Meck.
1248 2062 1381 2113 Ossa
1403 2070 1701 2132 temporum
1730 2063 1804 2122 W
1797 2073 1911 2125 eber
1938 2079 2004 2139 ¹).

661 2165 797 2216 Ossa
831 2164 1136 2233 tympanica
1166 2198 1229 2209 -
1261 2169 1402 2232 Boj.)

436 2266 557 2323 Pars
590 2282 826 2336 quaeque>
861 2277 1066 2336 petrosa
1099 2267 1317 2322 inferior
1349 2272 1684 2342 polygonum
1716 2281 2002 2349 irregulare

337 2362 532 2418 format
581 2360 634 2404 et
685 2349 844 2404 cranii
897 2357 1146 2421 parietem
1196 2358 1457 2408 lateralem
1503 2374 1692 2429 magna
1741 2385 1812 2417 ex
1858 2378 2002 2436 parte·

336 2441 650 2492 conficit.—-
682 2438 810 2490 Fere
847 2437 1092 2490 omnibus
1112 2456 1232 2492 curn
1252 2443 1630 2497 craniiossibus
1654 2445 1999 2517 conjunctum

335 2531 418 2576 est
457 2532 510 2578 et
552 2542 622 2577 ex
649 2524 770 2575 inde
805 2525 1032 2593 figuram
1067 2542 1214 2577 suam
1246 2528 1572 2597 polygonarn
1606 2532 1818 2603 accepit.

430 2609 618 2676 Margo
660 2625 753 2661 sua
793 2611 1030 2677 superior
1069 2621 1266 2681 partem
1309 2626 1646 2680 squamosam
1691 2621 1830 2671 ossis
1861 2627 1996 2672 tem-³·

336 2706 529 2762 porum
567 2701 621 2746 et
673 2709 737 2744 os
790 2692 1142 2749 mastoideum
1190 2693 1430 2764 attingit,
1476 2708 1529 2752 et
1568 2702 1703 2755 infra
1734 2706 1840 2756 hoc
1873 2719 1994 2756 cum

329 2784 479 2842 parte
524 2775 871 2846 cond3101dea
923 2782 1061 2832 ossis
1113 2784 1355 2851 accipitis
1398 2785 1641 2839 cohaeret
1683 2799 1836 2857 atque
1876 2804 1994 2850 pars

335 2860 587 2914 basiliaris
616 2861 749 2913 hanc
777 2867 1027 2932 sequitur.
1095 2869 1281 2935 Margo
1306 2884 1439 2921 vero
1473 2871 1584 2937 ejus
1611 2873 1831 2926 inferior
1862 2875 1993 2947 duas

335 2942 392 2997 in
417 2945 632 2997 laminas
663 2948 912 3007 discedit,
961 2967 1175 3019 quarum
1209 2952 1529 3010 exteriorem
1569 2959 1838 3028 magisque
1873 2973 1990 3028 per-

403 3182 455 3238 1)
486 3184 554 3234 De
578 3201 680 3233 aure
695 3192 903 3236 etaudltu
921 3193 1107 3241 bominis
1125 3203 1167 3241 et
1183 3197 1458 3250 animalium.
1496 3201 1617 3259 Lips.
1650 3202 1789 3244 1821.
1824 3203 1875 3247 Τ.
1897 3197 1935 3252 L
