2064 3706
1638 265 1712 325 39

90 410 194 458 situ
215 409 267 458 in
282 407 456 474 spinae
474 402 693 453 dorsalis
723 401 976 468 principio
1013 406 1065 452 et
1082 405 1342 451 costarum
1371 400 1572 451 defectu
1592 419 1719 455 con-

90 494 329 544 veniunt.

200 576 306 627 Cel.
346 571 630 624 Rosenthal
670 572 719 637 ¹)
772 570 865 620 has
904 570 1170 621 vertebras
1217 569 1502 636 pectorales
1544 580 1724 633 vocat,

84 660 224 727 quod
258 665 513 711 costarum
547 656 777 707 defectus
812 661 972 706 vetat.

176 745 272 795 His
308 743 595 802 vertebriS‚
659 754 872 805 quarum
915 738 1078 804 prima
1126 736 1416 803 ligamento
1467 741 1719 805 capsulari

86 829 299 893 occipiti
332 826 488 877 affixa
521 832 632 885 est,
678 823 819 889 spina
855 819 1160 872 vertebralis
1195 822 1391 887 incipit.

178 913 346 963 Prima
370 926 544 961 earum
567 907 835 975 praecipue
857 905 1025 956 forma
1048 904 1289 969 insignis,
1327 907 1494 972 quoad
1523 911 1722 973 magni-

87 997 314 1046 tudinem
347 996 579 1062 corporis
611 993 692 1042 sui
733 992 972 1040 omniurn
996 990 1228 1038 maxima
1260 997 1364 1050 est,
1401 991 1724 1043 latitudinem

89 1097 220 1131 vero
269 1079 595 1145 longitudine
627 1075 875 1143 majorem
911 1073 1078 1127 habet.

179 1164 474 1215 Excavatio
499 1165 611 1230 ejus
644 1159 954 1211 coniformis
980 1159 1206 1209 anterior
1227 1164 1330 1207 tam
1361 1160 1582 1223 perfecta
1610 1177 1719 1212 non

84 1257 186 1309 est,
221 1257 282 1298 ‘ut
311 1249 586 1315 posterior,
622 1262 740 1296 cum
775 1260 960 1311 margo
985 1241 1267 1294 tuberculis
1294 1243 1497 1294 duobus
1531 1247 1720 1295 articu-

80 1335 300 1392 laribu8‚
352 1349 483 1400 quae
523 1330 852 1398 processibus
889 1330 1028 1378 ossis
1076 1327 1314 1393 occipitis
1351 1329 1716 1396 condyloideis

81 1418 440 1478 conveniunt,
490 1417 740 1466 instructa
773 1423 868 1466 est.
974 1413 1153 1464 Conus
1192 1413 1452 1477 posterior
1502 1414 1717 1478 ejusque

81 1520 242 1553 massa
269 1502 696 1553 circumvolvens
727 1499 951 1550 formam
975 1497 1234 1555 omnibus,
1264 1510 1394 1559 quae
1420 1504 1721 1562 sequuntur,

81 1603 419 1638 communem
451 1586 623 1636 habet.

174 1671 346 1721 Massa
376 1669 466 1718 illa
509 1682 680 1718 conos
720 1665 1046 1732 conjungens
1081 1679 1263 1726 ossea,
1332 1664 1532 1716 cellulis
1568 1674 1718 1734 atque

80 1754 419 1806 foraminibus
454 1751 684 1818 parvulis
732 1751 959 1816 praedita
983 1787 998 1811 ,
1059 1752 1115 1800 in
1151 1757 1293 1817 parte
1329 1765 1419 1799 sua
1469 1752 1724 1817 superiori

79 1841 328 1891 cavitates
357 1837 484 1887 duas
521 1836 774 1900 majoreS‚
826 1836 961 1885 linea
994 1852 1144 1885 ossea
1187 1834 1412 1900 duraque
1450 1844 1724 1901 separataS,

77 1925 263 1985 habet,
327 1938 456 1989 quae
488 1921 549 1970 ad
578 1935 853 1986 processus
891 1921 1044 1985 primi
1073 1921 1275 1986 spinosi
1318 1920 1471 1968 ambo
1501 1919 1720 1984 capitula

76 2011 365 2077 recipienda
400 2007 714 2058 inserviunt.
799 2004 862 2053 In
892 2010 1034 2068 parte
1066 2004 1301 2054 inferiori
1327 2002 1613 2073 *paululum
1637 2004 1723 2053 de—

78 2111 252 2162 pressa
276 2100 373 2152 est,
410 2089 552 2157 quod
582 2088 642 2138 ab
669 2088 965 2138 eminentiis
994 2088 1448 2139 taeniaeformibus
1472 2089 1638 2139 oritur
1661 2119 1724 2127 -

80 2178 260 2229 forsan
295 2177 580 2241 vestiqum
623 2172 970 2237 capitulorum
1010 2172 1285 2222 costalium
1320 2172 1559 2240 primurn,
1596 2188 1724 2238 quae

81 2263 264 2313 iisdem
296 2262 429 2312 locis
462 2261 518 2310 in
548 2257 803 2310 vertebris
837 2258 1053 2306 costatis
1085 2256 1368 2307 inhaerent.

178 2345 427 2396 Foramen
471 2343 631 2402 illud,
680 2356 786 2407 quo
835 2341 960 2390 coni
1004 2341 1109 2390 duo
1159 2341 1292 2392 inter
1339 2358 1393 2392 se
1428 2342 1723 2392 communi-

81 2437 226 2488 cant,
265 2431 519 2479 mininam
553 2433 646 2480 est.

174 2514 423 2568 Vertebra
466 2511 591 2562 haec
633 2511 799 2576 prima
851 2524 1155 2577 processum
1199 2515 1402 2560 tantum
1447 2507 1720 2574 spinosum

83 2607 136 2652 et
166 2599 228 2650 ad
262 2599 375 2663 ejus
410 2597 553 2648 basin
586 2609 888 2661 processum
927 2602 1281 2646 transversum
1317 2590 1540 2643 articulo
1572 2589 1721 2656 junc-

81 2691 168 2735 tos
203 2688 403 2749 portat,
439 2679 764 2744 processibus
798 2694 931 2729 vero
966 2680 1191 2745 obIIquis
1225 2678 1487 2743 costisque
1519 2682 1673 2728 caret.

177 2767 279 2818 1110
313 2766 494 2824 mod0‚
529 2778 683 2831 quem
719 2779 870 2829 supra
903 2765 1169 2821 annotavi,
1217 2764 1504 2829 ligamento
1540 2775 1722 2825 capsu-

85 2851 179 2900 lari
228 2849 521 2914 canalisque
571 2864 821 2899 conorum
870 2846 966 2896 filo
999 2848 1335 2915 cartilagineo
1379 2847 1505 2897 haec
1536 2860 1722 2895 secun-

85 2935 250 3001 daque
281 2934 518 2984 vertebra
550 2930 682 2982 inter
713 2948 771 2982 se
806 2929 1218 2999 conjunguntur,

149 3165 207 3227 2)
239 3170 377 3217 Reil's
403 3165 567 3216 Archiv
593 3167 663 3214 fu'z'r
680 3168 969 3228 Physiologie.
1007 3171 1063 3219 T.
1085 3173 1144 3219 X.
1182 3185 1226 3228 p.
1253 3164 1358 3214 340.
