2064 3706
355 271 434 330 52

471 411 537 479 b)
602 409 1011 477 Appendices
1062 409 1403 464 Columnae
1449 407 1856 467 vertebratzs.
1920 431 1923 433 ·

450 515 552 566 His
596 514 780 565 Pinnas
833 529 1052 580 easque,
1101 530 1230 581 quae
1280 517 1488 566 illarum
1536 531 1655 566 cum
1707 523 1991 584 systemate

361 600 564 651 ossium
619 598 995 651 vertebraliurn
1058 599 1486 665 conjunctionem
1528 601 1772 661 eficiunt‚
1822 607 1989 668 partes

360 682 624 747 intelligo.
915 690 919 694 ’

462 766 622 816 Pinna
669 764 811 814 dorsi
848 766 1037 832 illaque
1084 768 1168 818 ani
1202 784 1325 818 ossa
1373 761 1824 836 habentpropria,
1859 782 1993 832 quae

360 864 447 900 eas
481 855 692 915 portant
728 880 785 887 —-
823 848 1714 921 (Flossentraeger-Rosenthal.—)
1762 854 1813 913 ¹)
1875 850 1994 901 Pin-

357 950 457 986 nae
502 931 853 984 abdorninales
900 951 1172 1001 coxaeque
1202 936 1497 1001 ligamentis
1542 945 1694 1003 atque
1743 935 1992 987 musculis

356 1017 520 1068 costis
555 1015 808 1081 adligatae
841 1024 963 1067 sunt
995 1019 1218 1084 radiique
1252 1022 1434 1086 pinnae
1471 1021 1696 1071 caudalis
1729 1022 1785 1070 in
1823 1028 1993 1070 verte-

350 1102 558 1154 brarum
590 1101 882 1151 caudalium
931 1102 1226 1154 ultimarum
1277 1105 1605 1172 processibus
1650 1105 1880 1172 spinosis
1911 1103 1993 1154 in·-

348 1185 541 1240 sidunt.

448 1267 609 1320 Omni
656 1267 711 1317 in
760 1268 917 1333 pinna
962 1270 1097 1320 cutis
1148 1270 1333 1336 pinnae
1366 1271 1581 1339 ejusque
1613 1273 1737 1324 radii
1772 1274 1995 1324 discerni

360 1353 586 1412 debent3
619 1352 674 1401 hi
709 1358 864 1410 sunt,
902 1353 965 1402 de
997 1354 1180 1418 quibus
1213 1358 1482 1421 praecipue
1510 1359 1782 1408 dicendum
1815 1370 1911 1410 est.

446 1437 640 1487 Radius
675 1436 956 1500 singularis
997 1436 1193 1487 duabus
1241 1457 1269 1488 e
1303 1438 1533 1490 Pinnulis
1564 1458 1656 1491 seu
1687 1442 1992 1508 Semipinnis

352 1549 413 1560 —
435 1519 721 1573 Rosenthal
744 1550 798 1559 —
831 1524 889 1583 2)
909 1529 1142 1580 constat,
1179 1539 1307 1588 quae
1329 1526 1462 1574 cutis
1481 1526 1719 1575 laminam
1738 1527 1991 1576 internam

351 1608 487 1657 inter
529 1622 586 1656 se
641 1607 914 1671 recipiunt.
996 1605 1211 1656 Pinnula
1260 1624 1489 1676 quaeque
1522 1611 1667 1674 spina
1710 1611 1881 1660 tenuis
1914 1618 1997 1661 est

351 1676 631 1755 multiplax
666 1691 965 1748 articulata,
1018 1689 1166 1756 cujus
1210 1691 1330 1740 finis
1380 1694 1620 1758 superior
1655 1695 1815 1744 multa
1850 1695 1904 1743 in
1937 1693 1995 1744 fi·

355 1774 583 1824 lamenta
615 1772 978 1837 cartilaginea,
1028 1789 1181 1838 quam
1218 1777 1445 1824 maxime
1493 1778 1669 1825 tenuia
1717 1777 1993 1832 dividitur.

350 1871 460 1923 quo
497 1855 619 1915 fiat,
661 1866 721 1907 ut
764 1858 952 1924 pinnae
1000 1873 1183 1923 margo
1218 1860 1446 1910 exterior
1478 1868 1532 1909 et
1565 1860 1721 1911 libera
1755 1862 1992 1914 interiori

353 1941 527 1990 multo
563 1939 732 2006 major
762 1941 1011 2006 latiorque
1045 1941 1129 1991 sit.
1165 1969 1226 1980 ·-
1292 1942 1574 1992 Rosenthal
1609 1946 1641 1995 1.
1679 1962 1722 2000 c.
1759 1944 1850 1995 has
1875 1948 1992 2012 pin-

352 2024 496 2074 nulas
534 2025 764 2076 radiatas
800 2053 863 2065 —-
897 2024 1142 2088 strahlige
1174 2023 1381 2075 Schafte
1412 2055 1468 2063 —-
1503 2027 1629 2077 alias
1675 2037 1848 2079 autem
1886 2047 1994 2082 non

351 2107 552 2159 divisas
579 2110 823 2176 pinnulas
854 2109 1173 2161 aculeatas—
1195 2109 1449 2177 stachlige
1481 2109 1686 2163 Schafte
1718 2140 1779 2152 —
1812 2121 1993 2170 vocat.

543 2235 708 2288 Pinna
746 2236 978 2288 dorsalis,

449 2341 580 2407 Ejus
618 2341 871 2390 sceletum
906 2358 933 2390 a
968 2340 1121 2391 radiis
1156 2341 1366 2407 pinnam
1402 2342 1758 2410 portantibUS,
1792 2342 1992 2393 ossicu-

348 2423 415 2473 lis
461 2425 766 2489 quibusdam
815 2425 1166 2475 articularibus
1213 2433 1266 2477 et
1317 2444 1389 2478 ex
1422 2429 1643 2494 singulis
1675 2426 1850 2494 pinnis
1898 2443 1993 2479 seu

351 2509 505 2560 radiis
537 2509 895 2575 compositum
928 2516 1022 2560 est.

443 2616 510 2677 a)
575 2614 733 2666 Radia·
752 2649 765 2672 ‚
807 2614 894 2677 qui
940 2616 1145 2681 pinnum
1177 2623 1390 2681 porta-nt.

447 2696 580 2747 Ossa
614 2699 670 2747 in
703 2705 846 2763 parte
878 2698 1114 2768 inferiori
1148 2701 1436 2750 acuminata
1479 2707 1635 2760 sunt,
1670 2713 1893 2766 quorum
1926 2698 1990 2750 fi-

350 2779 433 2830 nis
479 2782 718 2846 superior
759 2783 1045 2849 capitulum
1078 2783 1388 2846 articulare,
1440 2787 1492 2837 in
1537 2784 1733 2851 angulo
1791 2784 1988 2835 obtuso

417 2934 471 2991 1)
505 2938 647 2984 Ueber
679 2934 751 2984 die
797 2942 990 3000 Bildung
1036 2946 1115 2990 der
1161 2944 1504 3000 FIossengrz‘iten
1553 2945 1645 2988 und
1677 2941 1773 2989 ihre
1806 2940 1992 2992 Verbin-

432 3064 444 3071 .
509 3021 627 3075 dung
659 3024 739 3069 mit
771 3027 869 3070 dem
907 3030 1111 3077 Scelette.
1191 3022 1316 3078 Reils
1359 3030 1453 3075 und
1493 3029 1777 3078 Autenrieths
1799 3026 1986 3074 Archiv.

504 3108 558 3153 T.
584 3107 642 3155 Χ.
688 3122 734 3166 Ρ.
756 3111 867 3158 359.

414 3185 469 3243 2)
499 3191 533 3237 1.
567 3204 607 3238 c.
