2064 3706
360 275 429 317 v1

481 401 556 463 Ei
593 399 827 462 ducenti
864 401 1108 482 ejusque
1154 403 1626 473 benevolentiae,
1674 420 1788 480 qua
1830 403 1986 464 ideas

357 525 496 567 suas
543 516 720 584 atque
756 507 1175 585 experientiam
1218 509 1559 580 contribuit,
1605 507 1657 567 si
1689 506 1990 568 literarum

353 608 645 690 primitiae
694 628 894 673 meae,
975 612 1132 690 quod
1189 613 1249 671 in
1294 612 1490 673 fronte
1547 610 1987 675 demonstrant:

353 730 731 819 Quaedam
812 733 898 800 de
950 732 1304 802 Historia
1354 732 1698 803 natarali
1750 743 1819 799 et
1871 731 1988 799 de-

351 845 824 937 scriptionem
873 847 1140 916 Seeleti
1191 846 1563 917 Salmonis
1611 846 1676 913 F
1674 845 1985 927 arionis,

347 983 613 1063 explent,
659 985 859 1046 debeo.
904 1017 961 1028 —

441 1160 657 1222 Omnia
688 1181 763 1222 ex
793 1161 1038 1224 historia
1065 1159 1317 1223 naturali
1350 1159 1611 1229 collecta,
1645 1157 1982 1236 qualiacun-

341 1282 456 1342 que
483 1266 637 1336 sint,
683 1267 852 1344 parvis
877 1267 1169 1328 momenti
1208 1286 1326 1327 non
1360 1274 1498 1343 sunt
1541 1261 1824 1323 scientiae
1853 1264 1982 1324 uni-

341 1367 554 1428 versali
611 1368 661 1430 si
703 1379 978 1441 naturae,
1037 1370 1227 1431 almae
1272 1368 1481 1430 matris
1522 1365 1792 1445 vestigiis
1826 1368 1986 1430 dete-

339 1470 548 1548 gendis
594 1471 939 1536 inserviunt.

432 1649 906 1729 Descriptionem
947 1649 1347 1711 anatomicam
1398 1658 1458 1712 et
1506 1646 1980 1728 physiologicam

335 1753 596 1832 partium
625 1754 991 1833 reliquarum
1032 1753 1299 1818 Farionis
1342 1754 1456 1814 alio
1482 1753 1613 1813 loco
1650 1750 1939 1813 dabimus·

412 1931 686 2011 Denique
715 1931 1039 1994 Professori
1075 1931 1457 1994 meritissimo
1485 1940 1667 2009 atque
1704 1927 1979 2003 illustris-

333 2034 504 2106 sim0,
550 2036 804 2098 Domino
837 2036 1084 2108 Doctori
1108 2035 1500 2111 SCHULTZE,
1527 2032 1892 2114 praeceptori
1917 2043 1977 2093 et

329 2138 551 2200 fautori
582 2158 718 2201 meo
745 2142 1005 2202 maxime
1034 2140 1295 2208 colendo,
1339 2140 1526 2202 literis
1561 2149 1739 2218 atque
1766 2136 1977 2199 huma-

330 2241 519 2304 nitate
560 2263 747 2323 aeque
788 2244 1024 2324 insigni,
1069 2245 1163 2305 cui
1207 2246 1305 2324 pio
1335 2244 1535 2306 animo
1585 2245 1699 2305 hoc
1746 2242 1967 2314 dedico,

327 2366 437 2407 nec
477 2367 599 2409 non
642 2349 894 2410 caeteris
934 2350 1004 2409 D.
1022 2350 1089 2411 D.
1129 2350 1564 2412 Professoribus
1589 2345 1967 2417 doctissimi&

324 2450 628 2529 magistris
661 2455 808 2515 meis
845 2453 1274 2525 dilectissimi5‚
1312 2455 1536 2532 gratias
1572 2471 1753 2533 quam
1782 2452 1968 2515 maxi-

324 2573 460 2616 mas
492 2575 695 2633 agere,
751 2559 1032 2621 lectorem
1069 2571 1272 2621 autem
1326 2571 1393 2622 ut
1431 2559 1739 2642 indulgens
1791 2568 1968 2637 atque

324 2659 644 2723 benevolus
699 2662 852 2727 vires
897 2682 1064 2726 meas
1102 2664 1349 2743 exiguas
1411 2663 1722 2744 respiciat,
1793 2680 1963 2725 orare

325 2781 529 2828 meum
572 2776 680 2828 est.
