2064 3706
1624 228 1707 289 27

72 389 187 428 sese
217 371 514 437 conjungit.
592 370 759 421 Pax-ies
801 369 1016 423 inferior
1051 366 1223 419 cristis
1255 365 1452 416 duabus
1486 365 1719 416 canalem

73 456 293 515 format,
328 455 416 521 qui
451 453 588 504 ossis
617 453 922 520 sphenoidei
957 459 1114 522 parte¹
1145 450 1427 518 posteriori
1464 449 1717 501 clauditur

74 540 426 602 musculisque
467 538 722 602 expletur.

168 623 315 674 Ossis
333 621 491 686 hujus
512 621 796 686 marginem
815 621 1126 671 anteriorem
1143 626 1197 669 et
1214 618 1480 685 obliquam
1500 624 1718 685 utraque

73 715 216 780 parte
264 706 325 756 ad
360 705 520 772 partis
565 713 804 771 petrosae
847 703 1109 756 inferioris
1157 702 1378 753 limbum
1422 701 1721 753 inferiorem

68 790 321 857 cartilago
351 789 561 853 adligat.
630 788 793 840 Paries
816 787 1081 856 superior,
1117 785 1274 836 crista⁴
1309 786 1435 836 duas
1472 786 1527 837 in
1552 791 1723 852 partes

73 874 342 941 paululum
399 875 661 942 depressas
706 873 910 935 divisa,
974 870 1220 922 cavitatis
1280 870 1439 922 cranii
1499 867 1722 919 fundum

70 959 417 1025 posteriorem
472 957 666 1008 format
717 955 933 1024 ejusque
994 956 1252 1020 margines
1305 963 1555 1004 externae
1602 965 1724 1002 cum

70 1042 207 1092 ossis
239 1043 481 1107 occipitis
522 1042 748 1111 partibus
782 1040 1150 1108 condyloideis
1184 1054 1298 1088 sese
1333 1037 1658 1086 consociant.

166 1126 226 1176 ln
260 1125 404 1177 fossa
436 1137 648 1193 utraque
679 1127 831 1192 juxta
863 1126 1071 1175 cristam
1105 1123 1160 1171 in
1185 1121 1322 1170 ossis
1359 1117 1518 1186 hujus
1543 1133 1728 1184 super-

66 1208 184 1262 ficie
223 1217 447 1261 erectam
489 1221 628 1272 orta,
677 1226 807 1280 quae
843 1205 1245 1259 consociatione
1295 1205 1430 1255 ossis
1483 1203 1726 1269 occipitis

69 1308 192 1343 cum
232 1303 373 1360 parte
401 1296 484 1346 sui
522 1295 696 1346 lateris
743 1291 1097 1359 condyloidea
1135 1298 1189 1341 et
1231 1297 1374 1355 parte
1411 1296 1620 1353 petrosa
1657 1287 1721 1338 ad

70 1377 355 1428 cavitatem
400 1381 662 1446 propriam
698 1386 924 1437 creatur,
974 1374 1202 1425 ossicula
1246 1374 1338 1425 vel
1383 1372 1573 1438 lapides
1615 1371 1728 1421 duo

67 1460 194 1510 dura
233 1468 387 1527 atque
422 1462 587 1515 albida
625 1463 758 1513 inter
787 1461 994 1512 canales
1027 1459 1434 1509 semicirculares
1473 1455 1727 1506 membra-

67 1560 228 1596 nosas
265 1545 624 1606 occultantur,
660 1562 888 1612 quorum
918 1559 1085 1595 unum
1118 1543 1432 1608 triangulare
1465 1540 1624 1590 simul
1665 1557 1726 1590 ac

68 1628 264 1694 maju8‚
310 1638 463 1697 atque
505 1629 716 1696 planum
753 1644 998 1695 processu
1036 1635 1195 1677 acuto
1231 1626 1547 1692 praeditum,
1597 1625 1726 1674 alte-

67 1727 184 1761 rum
208 1721 382 1763 autem
409 1728 631 1778 parvum
656 1720 710 1762 et
736 1712 1022 1763 rotundum
1050 1720 1147 1763 est.
1213 1710 1299 1761 An
1326 1710 1389 1761 ad
1417 1725 1585 1762 sonos
1616 1724 1731 1777 per—

64 1796 336 1864 cipiendos
362 1796 682 1856 inserviant,
725 1796 996 1848 decernere
1030 1813 1138 1847 non
1164 1794 1376 1847 vellem.

174 1903 223 1938 a.
257 1898 315 1948 3,
379 1880 560 1933 Partes
591 1878 936 1945 condyloideae
969 1884 1094 1931 ossis
1127 1880 1364 1946 occipitis.

370 1965 570 2029 (Arcus
604 1965 742 2015 ossis
774 1964 1032 2029 occipitiS.
1097 1963 1246 2029 Boj.)

161 2047 297 2100 Ossa
324 2056 449 2099 sunt
468 2049 793 2114 irregularia,
827 2047 1152 2114 processibus
1181 2048 1546 2112 conjunctioni
1570 2048 1723 2099 dictis

70 2133 325 2200 praedita,
361 2149 491 2200 quae
522 2133 800 2199 parietibus
829 2134 939 2187 suis
980 2133 1213 2182 externis
1248 2131 1309 2182 ad
1336 2133 1494 2184 cranii
1526 2143 1727 2200 partem

74 2219 424 2285 posteriorem
455 2219 665 2268 cristam
701 2217 931 2269 formant
968 2225 1188 2269 acutam.

167 2300 554 2370 Conjunctione
598 2319 692 2354 sua
733 2303 916 2352 mobili
967 2316 1087 2351 cum
1132 2302 1406 2353 vertebrae
1451 2303 1726 2354 cervicalis

72 2389 267 2454 primae
305 2386 586 2438 tuberculis
625 2387 979 2438 articularibus
1022 2395 1190 2454 partes
1237 2386 1620 2456 condyloideas
1671 2405 1729 2445 se

74 2472 349 2541 praebent;
391 2471 501 2521 duo
542 2472 807 2522 tubercula
842 2471 1142 2538 cartilagine
1173 2472 1410 2534 inducta,
1462 2475 1725 2540 processi-

71 2557 170 2610 bus
209 2557 427 2617 similia,
475 2555 902 2623 conjunctionem
941 2557 1087 2607 illam
1136 2555 1441 2611 conficiunt.
1481 2588 1538 2601 ε-
1577 2558 1734 2609 Prae-³

72 2649 155 2693 ter
190 2650 387 2707 partem
418 2642 737 2702 basiliarem‚
785 2642 1104 2709 primamque
1145 2643 1437 2694 vertebram
1481 2659 1726 2712 prorsum

73 2732 270 2791 partem
314 2735 580 2791 petrosam
622 2725 956 2788 interiorem,
1000 2742 1205 2776 sursum
1244 2744 1307 2778 os
1354 2731 1724 2787 mastoideum,

71 2818 372 2877 partemque
398 2819 653 2877 petrosam
679 2810 996 2880 superiorem
1028 2811 1315 2878 attingunt.
1351 2844 1407 2852 —
1446 2815 1587 2866 Inter
1608 2830 1725 2881 par-

71 2903 151 2947 tes
182 2894 590 2964 condyloideaS,
626 2904 862 2951 petrosas
898 2897 1191 2961 superiores
1228 2915 1600 2965 squamamque
1635 2915 1728 2948 oc-

76 2979 249 3044 cipitis
281 2979 596 3031 fonticulum
633 2981 1045 3049 quadrangulum
1085 2980 1140 3031 in
1164 2984 1441 3043 omnibuS,
1476 2999 1608 3050 quos
1642 2985 1724 3034 in-

76 3064 368 3131 vestigavi,
403 3064 682 3116 Farionum
716 3067 902 3117 craniis
948 3066 1129 3133 reperi.
1196 3069 1280 3120 An
1321 3068 1374 3119 in
1408 3076 1573 3125 aetate
1611 3085 1721 3124 ma.-

75 3148 219 3200 xima
253 3158 565 3211 evanescat,
598 3151 736 3205 haud
768 3153 898 3207 scio·
