2064 3706
1585 217 1658 279 17

109 364 221 432 Jam
243 362 488 418 Aelianus
525 369 576 426 ¹)
613 370 743 419 hanc
762 366 989 419 Farionis
1014 369 1383 433 proprietatem
1417 362 1474 412 in
1504 360 1660 426 pisci·

19 457 114 507 bus
143 451 444 518 quibusdam
480 451 645 518 (quos
676 453 902 514 Jonston
934 458 986 515 ²)
1020 452 1258 504 Fariones
1282 466 1394 501 esse
1407 449 1682 515 putavit)-

17 535 353 590 observavit.
427 535 525 586 llle
556 537 717 588 refert
750 537 913 603 pisces
937 575 950 599 ,
987 541 1075 603 qui
1102 537 1385 604 peculiares
1416 532 1664 599 quasdam

16 637 227 678 muscas
256 619 387 673 circa
415 635 674 673 summam
702 638 883 688 aquam
910 623 1201 672 volitantes
1236 625 1490 686 appetant,
1525 614 1667 684 quod

21 707 173 758 facile
209 713 465 771 possunt,
503 723 621 757 cum
655 706 788 755 saltu
828 708 1046 758 valeant
1080 723 1199 772 prae
1226 706 1409 755 ceteris
1439 702 1666 770 piscibus

27 807 232 842 muscas
266 807 473 857 quoque
498 801 645 843 extra
674 807 855 858 aquarn
883 792 1173 856 volitantes
1207 791 1448 855 arripere.

115 875 565 928 U.Aldrovandus
593 878 716 927 dicit
745 878 826 938 3);
862 875 1079 926 Truttae
1097 876 1375 924 ascendunt
1394 873 1664 933 altissime,

23 975 144 1012 curn
178 967 232 1011 et
262 967 442 1010 contra
475 977 657 1026 aquam
692 962 878 1012 luctari
914 976 1101 1026 magna
1128 959 1186 1008 vi
1214 964 1267 1008 et
1296 958 1433 1010 saltu
1463 975 1519 1008 se
1553 973 1671 1025 pro·

13 1060 236 1096 movere
289 1046 350 1096 ad
384 1054 486 1097 tres
523 1047 612 1097 vel
658 1053 883 1114 quatuor
924 1044 1031 1095 fere
1083 1044 1289 1096 cubitos
1349 1041 1406 1093 in
1452 1054 1671 1093 ascensu

13 1137 220 1195 queant.

127 1212 276 1264 Fario
322 1214 503 1280 gracili
541 1223 694 1281 atque
742 1214 1055 1266 cuneifcrmi
1105 1229 1326 1280 corpore
1378 1212 1670 1269 institutu5‚

16 1297 192 1364 itaque
241 1296 302 1347 ad
339 1309 518 1350 motus
566 1301 785 1352 veloces
835 1300 1118 1359 formatus,
1179 1298 1474 1350 celerrimus
1515 1303 1677 1359 natat,

14 1377 121 1431 huc
153 1381 349 1432 accedit
382 1384 602 1435 saliendi
631 1387 716 1435 vis
753 1393 908 1450 atque
948 1387 1202 1448 cupiditas
1227 1382 1481 1431 indefessa
1510 1389 1562 1430 et
1591 1380 1682 1432 de-

20 1465 299 1526 siderium,
336 1474 519 1517 contra
549 1468 751 1520 fluvios
791 1469 1146 1535 tapidissimos
1175 1469 1306 1525 niti;
1354 1481 1461 1531 quo
1494 1465 1582 1524 fit,
1619 1471 1682 1517 ut

20 1549 246 1600 mirabili
296 1550 581 1601 celerritate
618 1552 986 1617 impedimenta
1024 1569 1211 1619 magna
1250 1564 1488 1614 superare
1523 1557 1680 1618 atque

21 1634 79 1685 in
106 1635 236 1684 rivis
269 1635 404 1684 inter
434 1642 643 1685 montes
684 1652 837 1702 quam
869 1636 1101 1686 maxime
1138 1633 1440 1702 praecipites
1475 1636 1536 1684 'ad
1569 1651 1683 1685 sca·-

22 1719 282 1783 turigines
311 1732 478 1783 usque
512 1721 757 1786 progredi
790 1721 982 1772 valeat.
1050 1720 1126 1771 Ea
1163 1736 1234 1769 ex
1260 1733 1413 1768 causa
1447 1718 1684 1770 Farionis

28 1801 443 1867 Salmonumque
481 1805 721 1854 omnium
757 1806 971 1871 pinnae,
1007 1804 1176 1871 quoad
1209 1804 1447 1870 corporis
1477 1806 1686 1870 magni-*-
1738 1803 1741 1805 ’

24 1886 261 1936 tudinem
297 1887 580 1946 convenit,
614 1888 847 1955 pluribus
882 1907 911 1939 e
947 1889 1101 1939 radiis
1136 1903 1290 1955 quam
1336 1903 1427 1938 eae
1458 1889 1684 1938 aliorum

22 1972 276 2038 piscium,
312 1978 573 2023 constant.

117 2055 364 2106 Fariones
402 2053 783 2120 proficiscendo
819 2056 875 2107 in
911 2056 1262 2122 longinquum
1302 2054 1529 2108 consilio
1568 2063 1685 2109 ten·-

21 2144 131 2190 tare
166 2153 278 2188 non
322 2139 599 2198 videntur,
651 2141 792 2205 quod
828 2147 1001 2190 autem
1042 2141 1378 2208 Salmonibus
1408 2156 1692 2193 commune

25 2229 122 2277 est.
184 2221 270 2274 Illi
294 2223 360 2273 iis
393 2223 449 2273 in
476 2223 611 2273 locis
641 2223 901 2286 habitant,
934 2226 997 2276 ad
1031 2241 1166 2292 quos
1204 2227 1292 2276 alii
1320 2226 1505 2292 pisceS,
1542 2240 1687 2292 prae-

191 2443 456 2507 aestivorum
483 2456 736 2520 vesperibus
763 2474 891 2520 quam
916 2463 1003 2509 alio
1029 2472 1223 2523 tempore
1247 2463 1436 2523 saepiuS,
1468 2479 1607 2524 neque
1631 2464 1687 2510 ad

178 2549 398 2605 „praedam
425 2548 696 2604 captandam,
727 2561 868 2604 neque
891 2550 946 2593 ad
969 2549 1327 2605 impedimentum
1352 2550 1686 2605 transiliendum

194 2642 444 2685 exerceant,
474 2631 721 2688 conjectura
741 2634 887 2677 forsan
910 2633 1247 2691 permitteretur,
1272 2648 1425 2691 aquam
1452 2649 1530 2691 per
1548 2642 1688 2679 totum

194 2718 309 2762 diem
326 2718 435 2762 solis
453 2720 586 2763 radiis
601 2716 844 2775 expositam
878 2718 1003 2775 quasi
1020 2718 1283 2763 destinatam
1317 2719 1368 2762 ab
1385 2725 1484 2763 ae're
1506 2733 1688 2766 vacuam

186 2816 292 2871 ¹¹esse
325 2818 467 2862 neque
501 2803 609 2847 satis
657 2803 772 2846 aeris
813 2803 1057 2859 respirandi
1093 2803 1286 2861 piscibus
1310 2803 1513 2856 tribuere,
1560 2804 1692 2863 hique

191 2902 292 2932 eum
325 2897 448 2932 extra
483 2901 638 2946 aquam
668 2897 815 2946 petere
847 2889 1015 2935 deb-ere.

103 2971 156 3027 1)
204 2977 235 3021 l.
257 2989 299 3020 c.

104 3059 158 3114 2)
201 3061 235 3106 1.
262 3074 301 3106 c.
337 3073 383 3117 Ρ.
407 3054 515 3104 126.

104 3145 161 3200 3)
197 3147 228 3191 1.
263 3159 301 3191 c.
343 3160 388 3203 p.
429 3139 536 3189 226.
