2064 3706
398 287 475 345 42

397 437 457 478 ut
489 429 783 479 ultimarum
807 429 1171 488 vertebrarum,
1207 444 1335 494 quae
1358 434 1528 478 costas
1552 434 1779 495 portant,
1807 430 2025 495 capitula

397 516 702 581 prolongata
726 513 1074 562 cacuminibus
1101 529 1214 562 sese
1231 517 1515 579 attingant,
1551 515 1856 577 tandemque
1871 529 2026 564 unam

397 609 597 649 tantum
618 597 834 662 spinam,
859 593 1155 661 processum
1171 597 1764 664 spinosuminferiorem‚
1791 595 2033 655 forment,

396 685 456 732 ad
491 697 641 749 quam
676 679 1017 730 nihilominus
1052 690 1228 732 costae
1275 683 1404 732 duae
1438 682 1732 746 ligamentis
1766 681 1878 730 sine
1908 682 2031 730 arti—-

397 766 658 816 culatione
702 763 888 815 affixae
938 775 1075 820 sunt,
1148 767 1287 817 Inter
1321 784 1406 818 eas
1440 767 1783 833 capitulorum
1816 765 2032 831 prolon-

397 853 636 917 gationes
671 849 846 901 fossae
877 852 1119 917 quaedam
1155 850 1664 902 infundibuliformes
1696 850 2035 915 reperiuntur,

395 952 524 1003 quae
555 936 617 985 ad
651 949 817 984 conos
852 950 1017 999 usque
1037 935 1355 1002 conjunctos
1376 935 1676 1002 procedunt,
1710 949 1881 984 earum
1905 949 2033 984 vere

398 1022 624 1071 cavitate
659 1035 768 1069 non
803 1021 1267 1072 communicanteS.
1330 1021 1389 1072 In
1426 1021 1491 1069 iis
1538 1019 1824 1070 substantia
1856 1033 2039 1070 renum

396 1105 625 1155 maxime
659 1101 906 1154 inhaeret.

493 1190 690 1240 Omnes
732 1195 998 1237 costarum
1046 1190 1313 1240 vertebrae
1359 1206 1426 1239 eo
1477 1189 1830 1249 conveniunt,
1894 1190 2036 1254 quod

398 1290 673 1341 processus
721 1273 967 1339 spinosos
1021 1274 1313 1337 superiores
1373 1281 1526 1339 atque
1574 1281 1747 1325 costas
1795 1281 2038 1339 portant3

399 1361 671 1424 pauciores
716 1357 1041 1424 processibus
1087 1358 1401 1407 transversis
1430 1359 1687 1423 praeditae
1718 1367 1868 1417 sunt,
1911 1374 2039 1423 quae

403 1444 601 1492 ultimis
635 1443 893 1494 interdum
926 1440 1205 1503 deficiunt3
1250 1457 1431 1491 eorum
1463 1443 1586 1492 loco
1613 1444 1742 1509 apud
1766 1442 2040 1492 nonnullas

398 1528 657 1578 vertebras
710 1526 945 1577 tendines
987 1525 1259 1576 filiformes
1302 1526 1465 1592 adque
1521 1527 1685 1578 fortes
1733 1526 2039 1592 funguntur.

397 1612 586 1662 Earum
634 1612 950 1679 posteriores
996 1610 1243 1675 obliquos
1288 1624 1496 1675 quoque
1543 1626 1817 1679 processus
1850 1609 2040 1662 liberos

395 1695 595 1758 ferunt,
630 1697 814 1764 quibus
847 1693 1131 1746 anteriores
1165 1708 1349 1743 omnes
1384 1705 1572 1748 carent.
1607 1727 1671 1738 ..-

586 1843 638 1891 3.
709 1825 760 1876 V
756 1824 975 1875 ertebme
1021 1821 1263 1876 caudales.

430 1929 432 1931 ’
498 1928 743 1982 Vertebra
784 1944 1013 1995 quaeque
1064 1926 1289 1976 caudalis
1321 1940 1624 1991 processum
1656 1925 1928 1988 spinosum
1961 1941 2048 1977 su-

399 2015 654 2081 periorem
699 2021 751 2064 et
783 2014 1080 2064 inferiorem
1112 2010 1235 2064 fert.
1314 2011 1591 2061 Processus
1623 2009 1838 2060 inferior
1870 2012 2047 2076 spinae

400 2100 478 2149 illi
538 2102 805 2149 vertebrae
862 2105 1038 2148 costas
1102 2095 1355 2163 portantis
1410 2094 1622 2143 ultimae
1691 2095 1877 2143 similis
1932 2103 2045 2156 est,

400 2193 752 2251 praeterquam
796 2183 938 2251 quod
988 2188 1168 2232 costae
1214 2179 1263 2230 ei
1312 2178 1487 2228 nullae
1527 2179 1817 2232 adhaerent.
1884 2179 2043 2247 Prop-

401 2276 542 2318 terea
573 2270 840 2320 vertebrae
872 2272 1106 2318 costatae
1137 2265 1352 2316 ultimae
1383 2264 1641 2313 interdum
1661 2301 1674 2324 ‚
1705 2267 1853 2314 sicas
1887 2266 2048 2315 costis

403 2354 580 2420 privas
612 2360 665 2403 et
695 2353 959 2403 vertebrae
991 2349 1228 2400 candales
1259 2348 1361 2398 vix
1393 2346 1755 2401 discernendae
1784 2359 1935 2413 sunt,
1971 2353 2045 2431 si,

404 2445 464 2487 ut
513 2453 663 2504 supra
710 2437 849 2496 dixi,
917 2435 1263 2501 capitulorum
1299 2431 1735 2499 prolongationes
1787 2436 1848 2485 ad
1891 2451 2045 2485 unam

403 2536 522 2571 sese
580 2520 920 2587 conjungunt
982 2520 1200 2585 spinam,
1253 2546 1310 2554 —
1403 2515 1856 2583 Contemplatione
1908 2534 2046 2569 vero

402 2605 648 2672 diligenti
682 2607 789 2657 vix
823 2620 933 2654 non
969 2619 1258 2669 cognoscas
1305 2603 1501 2669 spinam
1534 2601 1676 2651 illam
1709 2620 1776 2653 ex
1811 2603 2047 2669 capitulis

410 2690 616 2741 duobus
649 2690 977 2758 prolongatis
1012 2687 1335 2754 ampliusque
1366 2685 1588 2736 dilatatis
1622 2693 1787 2737 ortam
1822 2704 1954 2743 esse.

502 2775 697 2825 Earum
746 2772 1053 2839 conjunctio
1102 2788 1221 2822 cum
1276 2770 1617 2821 anterioribus
1650 2776 1703 2822 et
1735 2772 1869 2822 inter
1899 2787 1955 2822 se
1987 2788 2045 2822 ea

407 2863 516 2918 est,
570 2873 723 2924 quam
757 2858 961 2923 saepius
994 2857 1174 2915 attuli;
1209 2856 1501 2910 ultimarum
1535 2872 1810 2924 processus
1846 2857 2043 2923 spinosi

408 2939 580 2991 forma
617 2949 770 3009 atque
814 2941 979 3009 figura
1010 2943 1197 2993 mutati
1239 2942 1424 3008 pinnae
1469 2941 1694 2993 caudalis
1744 2941 1914 2991 radios
1947 2956 2042 2991 ex-

407 3025 622 3092 cipiunt.

508 3109 770 3163 Numerus
792 3113 972 3163 harum
1001 3113 1353 3165 vertebrarum
1379 3112 1540 3161 multa
1573 3111 1704 3177 apud
1737 3111 2041 3178 exemplaria

414 3195 627 3248 minime
659 3198 757 3251 sibi
789 3203 1021 3258 constat,
1075 3214 1133 3249 ea
1175 3210 1491 3264 nequaquam
1524 3202 1773 3263 excepta,
1818 3209 2039 3262 quorum
