2064 3706
353 282 436 344 24

499 674 601 744 ΙΙ.
698 669 1128 765 Descriptio
1177 669 1447 740 Seeleti
1488 667 1554 737 F
1552 666 1866 737 arionis,

455 1003 628 1053 Pisces
648 1001 703 1052 in
717 1003 1017 1055 animalium
1039 1006 1172 1055 serie
1191 1003 1411 1054 naturali
1438 1002 1544 1053 fere
1559 999 1788 1051 medium
1807 1004 2004 1059 tenent,

363 1087 744 1153 transitumque
784 1088 846 1137 ab
879 1090 1185 1141 animalibus
1223 1088 1557 1139 inferioribus
1605 1085 1668 1134 ad
1701 1084 1818 1139 illa,
1872 1099 2003 1149 quae

361 1172 576 1238 organis
598 1172 708 1221 suis
739 1175 982 1224 omnibus
1013 1175 1182 1240 magis
1212 1173 1444 1223 excultis
1476 1186 1586 1220 non
1612 1166 2007 1235 reproductioni

366 1267 570 1307 tantum
608 1256 700 1306 sed
727 1264 779 1306 et
804 1257 1135 1308 sensibilitati
1158 1266 1311 1323 atque
1329 1255 1662 1308 irritabilitati
1688 1253 2003 1311 inserviunt,

360 1346 619 1400 formant,
666 1341 844 1407 itaque
872 1350 1160 1409 systemata
1191 1358 1376 1392 eorum
1414 1348 1468 1391 et
1508 1344 1677 1406 partes
1713 1336 2006 1403 singulares

356 1425 519 1474 modo
549 1461 564 1484 ,
639 1441 768 1492 quae
819 1425 1128 1475 animalibus
1175 1426 1508 1476 inferioribus
1559 1422 1798 1489 propriae
1854 1426 1998 1479 sunt,

354 1508 574 1573 figuram
598 1517 754 1576 atque
777 1516 1108 1570 structuram,
1146 1508 1311 1559 modo
1336 1508 1471 1570 illas,
1505 1506 1691 1575 quibus
1713 1505 2005 1558 vertebrata

360 1594 642 1659 conspicua
672 1602 818 1653 sunt,
855 1594 1237 1645 demonstrant.

455 1677 715 1738 Quamvis
753 1679 974 1745 piscium
1006 1677 1261 1727 sceletum
1295 1692 1484 1740 magna
1529 1691 1601 1725 ex
1637 1681 1779 1742 parte
1831 1672 1895 1723 ad
1924 1672 2007 1722 in-

356 1766 563 1810 ternum
596 1777 889 1827 regressum
933 1763 1335 1828 conspicuisque
1379 1776 1451 1811 ex
1488 1760 1777 1820 vertebriS‚
1831 1763 2007 1825 syste-

358 1845 511 1895 matis
549 1849 770 1896 nervosi
800 1857 966 1914 partes
996 1846 1242 1896 centraies
1275 1845 1477 1911 aliaque
1508 1860 1704 1909 organa
1730 1842 2008 1893 includen-

358 1928 513 1987 tibuS‚
552 1937 916 1982 constructum
935 1937 1013 1981 est
1033 1961 1090 1971 -—-
1114 1945 1211 1996 qua
1236 1947 1266 1980 e
1286 1945 1437 1980 eausa
1456 1931 1621 1996 pisces
1644 1943 1856 1994 quoque
1875 1928 2010 1978 inter

362 2013 602 2065 animalia
629 2016 918 2064 vertebrata
961 2020 1305 2064 numerantur
1347 2044 1435 2073 -‚
1481 2021 1660 2063 tamen
1693 2020 1863 2077 partes
1891 2013 2004 2077 ejus

359 2097 563 2162 aliquae
604 2100 853 2165 quosdam
889 2099 1024 2165 apud
1057 2098 1226 2164 pisces
1264 2099 1620 2161 reperiuntur,
1664 2113 1796 2163 quae
1828 2098 2010 2148 sceleti

358 2181 667 2233 inferiorum
705 2184 1005 2233 animalium
1054 2183 1257 2233 externi
1290 2181 1513 2247 figuram
1556 2181 1837 2242 simulant3
1883 2200 1927 2233 e.
1956 2199 2011 2249 g.

362 2265 555 2331 Capitis
580 2283 700 2319 ossa
722 2266 936 2332 Triglae
966 2267 1318 2333 cataphractae
1345 2267 1400 2318 L.
1442 2267 1739 2330 (Peristedii
1756 2267 2011 2333 cataphr.)

367 2356 420 2404 et
453 2351 516 2402 T.
556 2352 834 2405 volitantis
874 2352 931 2408 L.
1002 2351 1410 2418 (Dactylopteri
1457 2352 1641 2409 volit.)
1693 2349 1799 2401 fere
1833 2352 2013 2402 omnia

364 2437 723 2486 velamentum
768 2437 972 2487 nullum
1016 2435 1255 2495 inducit;
1321 2435 1598 2501 clypeique
1642 2434 1807 2486 fortes
1849 2437 2009 2497 osse-i,

361 2522 449 2586 qui
483 2520 698 2570 illorum
727 2521 977 2586 piscium,
1012 2520 1368 2581 Accipenseris
1386 2518 1649 2569 Sturionis
1678 2520 2008 2586 aliorumque

359 2614 602 2654 truncum
640 2614 869 2667 armant,
907 2606 1212 2655 animalium
1245 2605 1639 2656 articulatorum
1676 2604 1868 2657 loricae
1897 2621 2012 2676 par-

365 2689 503 2739 tibus
539 2690 823 2742 manifesto
859 2692 1192 2756 respondent.

461 2772 521 2825 In
537 2773 753 2825 Farione
775 2775 981 2840 quidem
1008 2791 1119 2824 non
1141 2773 1314 2824 eadem
1335 2781 1488 2832 sunt3
1525 2772 1868 2824 nihilominus
1893 2781 2008 2822 non

364 2858 659 2922 negandum
704 2867 816 2918 est,
892 2874 1167 2925 squamaS,
1222 2859 1328 2906 fere
1369 2873 1552 2908 omnes
1592 2858 1759 2925 pisces
1818 2869 2007 2905 osseos

366 2950 623 3009 tegenteS,
662 2943 967 2995 inferiorum
1002 2943 1302 2994 animalium
1333 2941 1524 2996 loricae
1547 2940 1870 3010 respondere,
1904 2940 2011 2990 ori-

362 3027 582 3092 ficiaque
621 3027 708 3077 illa
759 3046 787 3078 a
817 3029 1012 3088 canali,
1065 3028 1154 3094 qui
1186 3027 1319 3077 intra
1356 3042 1594 3091 squamas
1640 3027 1795 3094 juxta
1815 3025 2007 3075 lineam

361 3111 594 3167 Farionis
630 3112 894 3164 lateralem
926 3112 1149 3179 jacentes
1181 3111 1442 3180 percurrit,
1489 3111 1641 3173 edita,
1686 3111 2007 3163 insectorum

369 3197 588 3252 tracheis
624 3196 839 3251 conferri
873 3213 1043 3265 posse,
