2064 3706
1593 260 1666 320 13

42 385 149 456 ipsa
201 392 322 442 urbe
371 387 588 455 pueritia
651 387 817 438 adhuc
866 387 980 438 mea
1024 390 1227 458 aliquos
1270 392 1511 447 Fariones
1555 404 1671 465 pul-

45 477 197 526 chros
224 476 436 541 cepisse,
464 471 654 537 gaudio
677 472 970 523 memini.-
988 473 1257 527 Farionem
1281 476 1534 533 inRheno
1555 498 1675 552 cap-

45 568 181 620 tum,
218 557 503 623 comperire
536 572 646 606 non
675 557 841 623 potui,
882 587 941 600 ..-

130 748 457 798 Αἰὶηαεηῐτιηι.
523 744 666 794 Fario
698 761 808 795 non
829 762 1004 813 parurn
1033 763 1205 798 vorax
1229 759 1325 812 est,
1359 753 1507 805 victu
1540 772 1680 808 non-

45 832 147 881 nisi
191 848 264 881 ex
298 840 461 894 regno
504 830 709 880 animali
761 829 1038 897 desumpto
1084 833 1184 884 frui
1226 837 1453 889 videtur.
1554 832 1680 891 Non

44 916 302 965 exanimia
347 915 612 964 consumit
656 920 888 976 tanturn,
936 917 1026 968 sed
1059 928 1111 968 et
1146 918 1392 971 viventia
1436 923 1542 974 hoc
1575 930 1681 974 ani-

43 1001 146 1050 mal
182 1015 341 1066 rapax
369 1000 585 1050 invadit.

138 1083 410 1150 Praecipue
441 1099 646 1133 vermes
670 1084 897 1136 comedit
923 1101 1140 1152 pai-VOS,
1184 1087 1446 1140 hirudines
1488 1091 1681 1158 vulga-

46 1184 129 1218 res
177 1170 254 1232 ¹),
320 1169 549 1224 Helices,
608 1166 844 1219 Conchas
884 1174 959 1230 2),
1024 1188 1095 1222 ex
1142 1172 1470 1225 Insectorum
1521 1176 1685 1226 classe

48 1255 274 1303 Araneas
319 1254 397 1313 ³),
459 1254 689 1319 inprimis
723 1270 857 1305 vero
890 1255 1232 1323 Ephemeram
1267 1259 1534 1325 vulgatam
1558 1297 1572 1321 ‚
1616 1260 1687 1316 E.

48 1338 431 1388 culiciforr'nem
462 1345 613 1405 atque
635 1338 698 1394 E.
726 1340 918 1390 luteam
947 1348 999 1391 et
1025 1342 1384 1409 Phryganeam
1418 1346 1685 1410 grandem.

147 1423 288 1473 Inter
308 1423 472 1489 pisces
495 1423 663 1474 audax
688 1426 791 1474 adit
813 1425 1101 1493 Cyprinum
1129 1421 1442 1491 gobionem.
1475 1427 1530 1478 C.
1550 1445 1690 1480 ama-

51 1524 196 1566 rum,
234 1507 459 1572 aliasque
492 1508 658 1557 adhuc
689 1520 871 1574 parvas
902 1510 1258 1577 Cyprinorurn
1292 1515 1513 1577 species3
1558 1529 1691 1563 con-

51 1592 314 1656 sumitque
349 1592 503 1641 etiam
534 1591 750 1642 Cottum
779 1592 1076 1643 Gobionern
1105 1602 1156 1644 et
1177 1611 1246 1644 ex
1275 1589 1501 1661 piscibus
1525 1595 1694 1647 chon-

50 1676 302 1741 droptery
305 1675 406 1738 giis
428 1673 672 1742 Petromy
677 1683 895 1725 zontem
924 1676 1120 1727 Planeri
1149 1685 1202 1728 et
1235 1670 1287 1729 Ρ.
1315 1670 1691 1732 branchialem·
1676 1718 1694 1742 ,

58 1757 304 1826 'adeoque
321 1774 468 1808 ranas
503 1758 589 1822 ⁴),
625 1760 963 1826 (praecipue
947 1777 1002 1809 1n
1037 1760 1261 1828 hyeme)
1295 1771 1467 1816 vorat.

148 1842 424 1897 Voracitas
460 1859 554 1892 sua
593 1842 880 1894 vehemens
916 1860 983 1894 eo
1021 1862 1188 1914 usque
1231 1864 1383 1912 saepe
1422 1865 1544 1900 eum
1582 1840 1700 1899 rno'⁴

57 1935 172 1989 vet,
216 1940 276 1978 ut
312 1944 435 1979 suae
457 1929 646 1995 speciei
675 1936 948 1990 vescatur3
996 1947 1116 1980 narn
1155 1930 1450 1997 frequentes
1484 1929 1538 1983 in
1572 1945 1701 1986 natu

56 2013 313 2080 majorum
333 2013 481 2064 fauce
500 2021 551 2063 et
570 2013 840 2065 stomacho
856 2014 1098 2066 Fariones
1112 2013 1262 2080 parvi
1277 2013 1458 2084 reperti
1476 2031 1600 2070 sunt
1620 2025 1696 2082 ⁵)·
1682 2057 1699 2081 ‚

62 2130 119 2138 —
159 2114 320 2164 eaque
362 2100 625 2150 voracitas
661 2111 782 2148 eum
827 2092 965 2150 fame
999 2117 1092 2151 seu
1129 2104 1258 2152 alius
1297 2105 1474 2154 victus
1521 2105 1704 2171 inopia

58 2184 287 2245 inducit,
313 2185 516 2251 propria
538 2185 637 2236 vix
659 2191 799 2251 parta
816 2185 1071 2239 devorare
1097 2202 1205 2236 ova
1233 2191 1293 2247 ⁶).
1320 2214 1383 2225 —

129 2423 183 2480 1>
219 2426 272 2470 G.
294 2429 346 2471 L.
370 2427 614 2469 Hartmann
640 2422 1132 2480 helvet.1chthy010·gie.
1159 2417 1486 2476 1827‚thrich.
1520 2440 1564 2483 p.
1592 2418 1704 2478 1²18,

130 2509 181 2562 2)
237 2513 394 2555 Lesser
445 2509 490 2552 in
521 2508 721 2554 Farionis
769 2508 997 2554 stomacho
1045 2509 1325 2564 margaritam
1371 2511 1532 2567 reperit
1574 2519 1707 2569 quam'

227 2594 523 2639 verisimiliter
537 2594 581 2638 in
595 2591 755 2637 concha
773 2593 1012 2644 devoravit,
1043 2609 1086 2637 v.
1101 2594 1275 2639 Richter
1291 2596 1503 2653 Ichthyol.
1537 2611 1582 2653 p.
1599 2596 1709 2646 878.

132 2676 188 2736 3)
230 2683 450 2727 Araneam
483 2680 574 2723 fere
602 2693 690 2723 non
714 2680 877 2723 laesam
909 2677 953 2722 in
973 2680 1007 2725 F
1010 2678 1174 2723 arionis
1203 2680 1427 2724 stomacho
1459 2680 1617 2739 reperi.

135 2758 189 2815 4)
224 2768 466 2810 Hartmann
500 2765 589 2809 Le.

138 2852 191 2908 5)
227 2850 361 2896 Bloch
396 2850 426 2893 1.
454 2863 492 2892 c.
527 2863 572 2906 p.
595 2851 700 2894 151.

237 2935 378 2980 Linne‘
421 2934 466 2977 in
495 2943 608 2991 syst.
637 2941 727 2980 nat.
762 2932 895 2980 dixit:
933 2962 957 2993 ²‚
972 2943 1015 2979 et
1042 2947 1097 2978 ne
1130 2932 1330 2992 propriae
1353 2932 1525 2992 quidem
1551 2930 1710 2993 speciei

235 3033 419 3077 parcens
444 3015 557 3064 etc.“

146 3102 199 3159 6)
248 3103 448 3149 Farionis
469 3103 688 3157 foeminei,
718 3105 791 3164 qui
825 3106 900 3155 vix
928 3114 1169 3164 pepererat,
1203 3105 1473 3151 stomachum
1506 3101 1708 3151 ovis'im-

238 3195 400 3250 pletum
433 3190 588 3247 reperit
