<?xml version="1.0" encoding="UTF-8"?>
<!DOCTYPE html PUBLIC "-//W3C//DTD XHTML 1.0 Transitional//EN"
    "http://www.w3.org/TR/xhtml1/DTD/xhtml1-transitional.dtd">
<html xmlns="http://www.w3.org/1999/xhtml" xml:lang="en" lang="en">
 <head>
  <title>
</title>
<meta http-equiv="Content-Type" content="text/html;charset=utf-8" />
  <meta name='ocr-system' content='tesseract 3.04.00' />
  <meta name='ocr-capabilities' content='ocr_page ocr_carea ocr_par ocr_line ocrx_word'/>
</head>
<body>
  <div class='ocr_page' id='page_1' title='image "./quaedamdehistori00z_0050.png"; bbox 0 0 2064 3706; ppageno 0'>
   <div class='ocr_carea' id='block_1_1' title="bbox 364 276 444 336">
    <p class='ocr_par' dir='ltr' id='par_1_1' title="bbox 364 276 444 336">
     <span class='ocr_line' id='line_1_1' title="bbox 364 276 444 336; baseline -0.013 0"><span class='ocrx_word' id='word_1_1' title='bbox 364 276 444 336; x_wconf 76' lang='lat'>36</span> 
     </span>
    </p>
   </div>
   <div class='ocr_carea' id='block_1_2' title="bbox 364 412 2041 1999">
    <p class='ocr_par' dir='ltr' id='par_1_2' title="bbox 367 412 2010 724">
     <span class='ocr_line' id='line_1_2' title="bbox 465 412 2004 482; baseline -0.003 -12"><span class='ocrx_word' id='word_1_2' title='bbox 465 418 621 470; x_wconf 82' lang='lat' dir='ltr'>Linea</span> <span class='ocrx_word' id='word_1_3' title='bbox 665 429 824 482; x_wconf 82' lang='lat' dir='ltr'>prope</span> <span class='ocrx_word' id='word_1_4' title='bbox 855 419 992 464; x_wconf 84' lang='lat' dir='ltr'>recta</span> <span class='ocrx_word' id='word_1_5' title='bbox 1036 414 1097 464; x_wconf 85' lang='lat' dir='ltr'>ab</span> <span class='ocrx_word' id='word_1_6' title='bbox 1130 414 1356 480; x_wconf 87' lang='lat' dir='ltr'>occipite</span> <span class='ocrx_word' id='word_1_7' title='bbox 1401 412 1462 462; x_wconf 87' lang='lat' dir='ltr'>ad</span> <span class='ocrx_word' id='word_1_8' title='bbox 1500 413 1709 481; x_wconf 83' lang='lat' dir='ltr'>pinnam</span> <span class='ocrx_word' id='word_1_9' title='bbox 1743 414 2004 466; x_wconf 88' lang='lat' dir='ltr'>caudalem</span> 
     </span>
     <span class='ocr_line' id='line_1_3' title="bbox 371 497 2007 571; baseline -0.001 -18"><span class='ocrx_word' id='word_1_10' title='bbox 371 504 628 571; x_wconf 81' lang='lat' dir='ltr'>porrigit3</span> <span class='ocrx_word' id='word_1_11' title='bbox 664 500 717 550; x_wconf 90' lang='lat' dir='ltr'>in</span> <span class='ocrx_word' id='word_1_12' title='bbox 751 499 847 549; x_wconf 91' lang='lat' dir='ltr'>hac</span> <span class='ocrx_word' id='word_1_13' title='bbox 881 504 1055 548; x_wconf 86' lang='lat' dir='ltr'>autem</span> <span class='ocrx_word' id='word_1_14' title='bbox 1087 497 1199 563; x_wconf 82' lang='lat' dir='ltr'>ejus</span> <span class='ocrx_word' id='word_1_15' title='bbox 1231 497 1476 559; x_wconf 75' lang='lat' dir='ltr'>directiO,</span> <span class='ocrx_word' id='word_1_16' title='bbox 1509 513 1639 563; x_wconf 87' lang='lat' dir='ltr'>quae</span> <span class='ocrx_word' id='word_1_17' title='bbox 1670 499 1784 548; x_wconf 88' lang='lat' dir='ltr'>aliis</span> <span class='ocrx_word' id='word_1_18' title='bbox 1816 499 1870 549; x_wconf 89' lang='lat' dir='ltr'>in</span> <span class='ocrx_word' id='word_1_19' title='bbox 1903 502 2007 567; x_wconf 88' lang='lat' dir='ltr'>pis-</span> 
     </span>
     <span class='ocr_line' id='line_1_4' title="bbox 369 582 2009 653; baseline -0.002 -13"><span class='ocrx_word' id='word_1_20' title='bbox 369 589 517 641; x_wconf 87' lang='lat' dir='ltr'><strong>cibus</strong></span> <span class='ocrx_word' id='word_1_21' title='bbox 550 592 604 637; x_wconf 89' lang='lat' dir='ltr'>et</span> <span class='ocrx_word' id='word_1_22' title='bbox 634 582 718 634; x_wconf 90' lang='lat' dir='ltr'>hic</span> <span class='ocrx_word' id='word_1_23' title='bbox 754 591 1013 650; x_wconf 85' lang='lat' dir='ltr'>permanet</span> <span class='ocrx_word' id='word_1_24' title='bbox 1048 582 1423 644; x_wconf 81' lang='lat' dir='ltr'>horizontalis,</span> <span class='ocrx_word' id='word_1_25' title='bbox 1470 583 1665 644; x_wconf 85' lang='lat' dir='ltr'>variat,</span> <span class='ocrx_word' id='word_1_26' title='bbox 1698 598 2009 653; x_wconf 83' lang='lat' dir='ltr'>sursumque</span> 
     </span>
     <span class='ocr_line' id='line_1_5' title="bbox 367 658 2010 724; baseline -0.003 0"><span class='ocrx_word' id='word_1_27' title='bbox 367 672 554 724; x_wconf 86' lang='lat' dir='ltr'>tendit.</span> <span class='ocrx_word' id='word_1_28' title='bbox 2007 658 2010 664; x_wconf 64' lang='grc'><em>’</em></span> 
     </span>
    </p>

    <p class='ocr_par' dir='ltr' id='par_1_3' title="bbox 365 751 2008 1161">
     <span class='ocr_line' id='line_1_6' title="bbox 461 751 2008 818; baseline -0.001 -12"><span class='ocrx_word' id='word_1_29' title='bbox 461 751 744 806; x_wconf 84' lang='lat' dir='ltr'>Processus</span> <span class='ocrx_word' id='word_1_30' title='bbox 787 755 1063 804; x_wconf 82' lang='lat' dir='ltr'>columnae</span> <span class='ocrx_word' id='word_1_31' title='bbox 1107 758 1231 803; x_wconf 85' lang='lat' dir='ltr'>sunt</span> <span class='ocrx_word' id='word_1_32' title='bbox 1266 751 1355 804; x_wconf 87' lang='lat' dir='ltr'>vel</span> <span class='ocrx_word' id='word_1_33' title='bbox 1386 752 1707 818; x_wconf 83' lang='lat' dir='ltr'>superiores,</span> <span class='ocrx_word' id='word_1_34' title='bbox 1754 753 1844 805; x_wconf 83' lang='lat' dir='ltr'>vel</span> <span class='ocrx_word' id='word_1_35' title='bbox 1874 753 2008 805; x_wconf 86' lang='lat' dir='ltr'>infe-</span> 
     </span>
     <span class='ocr_line' id='line_1_7' title="bbox 366 837 2006 905; baseline -0.003 -12"><span class='ocrx_word' id='word_1_36' title='bbox 366 841 533 896; x_wconf 75' lang='lat' dir='ltr'>riores</span> <span class='ocrx_word' id='word_1_37' title='bbox 553 877 570 903; x_wconf 86' lang='lat'><strong><em>‚</em></strong></span> <span class='ocrx_word' id='word_1_38' title='bbox 605 838 696 890; x_wconf 83' lang='lat' dir='ltr'>vel</span> <span class='ocrx_word' id='word_1_39' title='bbox 729 839 1039 897; x_wconf 73' lang='lat' dir='ltr'><strong>transversi,</strong></span> <span class='ocrx_word' id='word_1_40' title='bbox 1077 838 1163 888; x_wconf 85' lang='lat' dir='ltr'>vel</span> <span class='ocrx_word' id='word_1_41' title='bbox 1197 837 1427 901; x_wconf 82' lang='lat' dir='ltr'>obliqui;</span> <span class='ocrx_word' id='word_1_42' title='bbox 1470 837 1762 903; x_wconf 89' lang='lat' dir='ltr'>superiores</span> <span class='ocrx_word' id='word_1_43' title='bbox 1794 853 1884 905; x_wconf 90' lang='lat' dir='ltr'>per</span> <span class='ocrx_word' id='word_1_44' title='bbox 1920 845 2006 888; x_wconf 86' lang='lat' dir='ltr'>to·-</span> 
     </span>
     <span class='ocr_line' id='line_1_8' title="bbox 367 921 2008 993; baseline -0.004 -15"><span class='ocrx_word' id='word_1_45' title='bbox 367 938 476 978; x_wconf 76' lang='lat' dir='ltr'>tam</span> <span class='ocrx_word' id='word_1_46' title='bbox 518 927 693 993; x_wconf 86' lang='lat' dir='ltr'>spinae</span> <span class='ocrx_word' id='word_1_47' title='bbox 744 924 1131 989; x_wconf 77' lang='lat' dir='ltr'>longitudinem</span> <span class='ocrx_word' id='word_1_48' title='bbox 1184 921 1412 971; x_wconf 83' lang='lat' dir='ltr'>canalem</span> <span class='ocrx_word' id='word_1_49' title='bbox 1459 937 1553 987; x_wconf 87' lang='lat' dir='ltr'>pro</span> <span class='ocrx_word' id='word_1_50' title='bbox 1602 922 1826 972; x_wconf 84' lang='lat' dir='ltr'>medulla</span> <span class='ocrx_word' id='word_1_51' title='bbox 1867 923 2008 972; x_wconf 88' lang='lat' dir='ltr'>clau-</span> 
     </span>
     <span class='ocr_line' id='line_1_9' title="bbox 366 1007 2008 1074; baseline -0.004 -12"><span class='ocrx_word' id='word_1_52' title='bbox 366 1013 524 1074; x_wconf 82' lang='lat' dir='ltr'>dunt3</span> <span class='ocrx_word' id='word_1_53' title='bbox 562 1009 829 1059; x_wconf 84' lang='lat' dir='ltr'>inferiores</span> <span class='ocrx_word' id='word_1_54' title='bbox 863 1010 916 1057; x_wconf 92' lang='lat' dir='ltr'>in</span> <span class='ocrx_word' id='word_1_55' title='bbox 951 1007 1196 1057; x_wconf 77' lang='lat' dir='ltr'>anteriori</span> <span class='ocrx_word' id='word_1_56' title='bbox 1227 1013 1367 1073; x_wconf 87' lang='lat' dir='ltr'>parte</span> <span class='ocrx_word' id='word_1_57' title='bbox 1401 1013 1600 1067; x_wconf 88' lang='lat' dir='ltr'>costas,</span> <span class='ocrx_word' id='word_1_58' title='bbox 1635 1007 1689 1057; x_wconf 91' lang='lat' dir='ltr'>in</span> <span class='ocrx_word' id='word_1_59' title='bbox 1721 1013 1863 1073; x_wconf 87' lang='lat' dir='ltr'>parte</span> <span class='ocrx_word' id='word_1_60' title='bbox 1888 1022 2008 1057; x_wconf 70' lang='lat' dir='ltr'>cau-</span> 
     </span>
     <span class='ocr_line' id='line_1_10' title="bbox 365 1090 1329 1161; baseline -0.004 -14"><span class='ocrx_word' id='word_1_61' title='bbox 365 1096 469 1147; x_wconf 87' lang='lat' dir='ltr'>dali</span> <span class='ocrx_word' id='word_1_62' title='bbox 499 1097 745 1161; x_wconf 88' lang='lat' dir='ltr'>spinosos</span> <span class='ocrx_word' id='word_1_63' title='bbox 779 1093 1049 1143; x_wconf 84' lang='lat' dir='ltr'>inferiores</span> <span class='ocrx_word' id='word_1_64' title='bbox 1081 1090 1329 1143; x_wconf 88' lang='lat' dir='ltr'>formant.</span> 
     </span>
    </p>

    <p class='ocr_par' dir='ltr' id='par_1_4' title="bbox 364 1173 2007 1326">
     <span class='ocr_line' id='line_1_11' title="bbox 460 1173 2007 1243; baseline -0.005 -13"><span class='ocrx_word' id='word_1_65' title='bbox 460 1180 543 1230; x_wconf 88' lang='lat' dir='ltr'>Ad</span> <span class='ocrx_word' id='word_1_66' title='bbox 576 1179 975 1243; x_wconf 82' lang='lat' dir='ltr'>descriptionem</span> <span class='ocrx_word' id='word_1_67' title='bbox 1012 1176 1231 1242; x_wconf 89' lang='lat' dir='ltr'>partium</span> <span class='ocrx_word' id='word_1_68' title='bbox 1252 1212 1267 1237; x_wconf 88' lang='lat'><strong>,</strong></span> <span class='ocrx_word' id='word_1_69' title='bbox 1302 1176 1363 1227; x_wconf 90' lang='lat' dir='ltr'>de</span> <span class='ocrx_word' id='word_1_70' title='bbox 1395 1175 1581 1243; x_wconf 90' lang='lat' dir='ltr'>quibus</span> <span class='ocrx_word' id='word_1_71' title='bbox 1606 1174 1875 1239; x_wconf 82' lang='lat' dir='ltr'>hueusque</span> <span class='ocrx_word' id='word_1_72' title='bbox 1900 1173 2007 1224; x_wconf 90' lang='lat' dir='ltr'>dic-</span> 
     </span>
     <span class='ocr_line' id='line_1_12' title="bbox 364 1261 1116 1326; baseline -0.011 -10"><span class='ocrx_word' id='word_1_73' title='bbox 364 1272 479 1316; x_wconf 79' lang='lat' dir='ltr'>tum</span> <span class='ocrx_word' id='word_1_74' title='bbox 513 1271 624 1323; x_wconf 89' lang='lat' dir='ltr'>est,</span> <span class='ocrx_word' id='word_1_75' title='bbox 658 1261 1116 1326; x_wconf 75' lang='lat' dir='ltr'>transgrediamus.</span> 
     </span>
    </p>

    <p class='ocr_par' dir='ltr' id='par_1_5' title="bbox 364 1343 2041 1999">
     <span class='ocr_line' id='line_1_13' title="bbox 461 1343 2010 1410; baseline -0.005 -12"><span class='ocrx_word' id='word_1_76' title='bbox 461 1347 598 1398; x_wconf 88' lang='lat' dir='ltr'>Coni</span> <span class='ocrx_word' id='word_1_77' title='bbox 620 1348 726 1396; x_wconf 90' lang='lat' dir='ltr'>duo</span> <span class='ocrx_word' id='word_1_78' title='bbox 754 1347 903 1399; x_wconf 86' lang='lat' dir='ltr'>cavi,</span> <span class='ocrx_word' id='word_1_79' title='bbox 938 1343 1289 1397; x_wconf 79' lang='lat' dir='ltr'>cacuminibus</span> <span class='ocrx_word' id='word_1_80' title='bbox 1313 1345 1450 1394; x_wconf 89' lang='lat' dir='ltr'>inter</span> <span class='ocrx_word' id='word_1_81' title='bbox 1476 1359 1534 1393; x_wconf 91' lang='lat' dir='ltr'>se</span> <span class='ocrx_word' id='word_1_82' title='bbox 1556 1343 1838 1410; x_wconf 85' lang='lat' dir='ltr'>implicati,</span> <span class='ocrx_word' id='word_1_83' title='bbox 1872 1356 2010 1392; x_wconf 87' lang='lat' dir='ltr'>mas-</span> 
     </span>
     <span class='ocr_line' id='line_1_14' title="bbox 367 1428 2010 1499; baseline -0.004 -16"><span class='ocrx_word' id='word_1_84' title='bbox 367 1447 522 1499; x_wconf 86' lang='lat' dir='ltr'>saque</span> <span class='ocrx_word' id='word_1_85' title='bbox 557 1447 709 1481; x_wconf 88' lang='lat' dir='ltr'>ossea</span> <span class='ocrx_word' id='word_1_86' title='bbox 762 1430 1158 1496; x_wconf 75' lang='lat' dir='ltr'>circumjacente</span> <span class='ocrx_word' id='word_1_87' title='bbox 1203 1428 1396 1479; x_wconf 85' lang='lat' dir='ltr'>firmati</span> <span class='ocrx_word' id='word_1_88' title='bbox 1434 1430 1718 1478; x_wconf 84' lang='lat' dir='ltr'>vertebram</span> <span class='ocrx_word' id='word_1_89' title='bbox 1750 1443 2010 1494; x_wconf 88' lang='lat' dir='ltr'>quamque</span> 
     </span>
     <span class='ocr_line' id='line_1_15' title="bbox 368 1513 2012 1577; baseline -0.004 -10"><span class='ocrx_word' id='word_1_90' title='bbox 368 1517 729 1575; x_wconf 79' lang='lat' dir='ltr'>constituunt3</span> <span class='ocrx_word' id='word_1_91' title='bbox 780 1515 871 1572; x_wconf 88' lang='lat' dir='ltr'>(ab</span> <span class='ocrx_word' id='word_1_92' title='bbox 904 1514 999 1563; x_wconf 88' lang='lat' dir='ltr'>hac</span> <span class='ocrx_word' id='word_1_93' title='bbox 1034 1513 1353 1563; x_wconf 83' lang='lat' dir='ltr'>formatione</span> <span class='ocrx_word' id='word_1_94' title='bbox 1388 1513 1627 1564; x_wconf 76' lang='lat' dir='ltr'>vertebra</span> <span class='ocrx_word' id='word_1_95' title='bbox 1658 1513 1825 1577; x_wconf 89' lang='lat' dir='ltr'>prima</span> <span class='ocrx_word' id='word_1_96' title='bbox 1857 1519 2012 1576; x_wconf 88' lang='lat' dir='ltr'>atque</span> 
     </span>
     <span class='ocr_line' id='line_1_16' title="bbox 365 1595 2041 1665; baseline -0.004 -15"><span class='ocrx_word' id='word_1_97' title='bbox 365 1600 553 1650; x_wconf 87' lang='lat' dir='ltr'>ultima</span> <span class='ocrx_word' id='word_1_98' title='bbox 586 1600 853 1665; x_wconf 85' lang='lat' dir='ltr'>paululum</span> <span class='ocrx_word' id='word_1_99' title='bbox 889 1600 1120 1660; x_wconf 87' lang='lat' dir='ltr'>variant,</span> <span class='ocrx_word' id='word_1_100' title='bbox 1171 1597 1235 1646; x_wconf 89' lang='lat' dir='ltr'>de</span> <span class='ocrx_word' id='word_1_101' title='bbox 1267 1599 1454 1662; x_wconf 88' lang='lat' dir='ltr'>quibus</span> <span class='ocrx_word' id='word_1_102' title='bbox 1488 1595 1620 1646; x_wconf 87' lang='lat' dir='ltr'>infra</span> <span class='ocrx_word' id='word_1_103' title='bbox 1653 1597 1913 1657; x_wconf 89' lang='lat' dir='ltr'>dicemus)</span> <span class='ocrx_word' id='word_1_104' title='bbox 1948 1613 2041 1632; x_wconf 83' lang='grc'>--</span> 
     </span>
     <span class='ocr_line' id='line_1_17' title="bbox 364 1679 2011 1745; baseline -0.003 -11"><span class='ocrx_word' id='word_1_105' title='bbox 364 1685 503 1734; x_wconf 86' lang='lat' dir='ltr'>unde</span> <span class='ocrx_word' id='word_1_106' title='bbox 536 1684 666 1734; x_wconf 84' lang='lat' dir='ltr'>duae</span> <span class='ocrx_word' id='word_1_107' title='bbox 699 1683 903 1732; x_wconf 85' lang='lat' dir='ltr'>ossium</span> <span class='ocrx_word' id='word_1_108' title='bbox 930 1682 1247 1732; x_wconf 84' lang='lat' dir='ltr'>substantiae</span> <span class='ocrx_word' id='word_1_109' title='bbox 1279 1682 1423 1732; x_wconf 84' lang='lat' dir='ltr'>varie</span> <span class='ocrx_word' id='word_1_110' title='bbox 1451 1679 1652 1730; x_wconf 90' lang='lat' dir='ltr'>solidae</span> <span class='ocrx_word' id='word_1_111' title='bbox 1681 1680 2011 1745; x_wconf 82' lang='lat' dir='ltr'>distinguun-</span> 
     </span>
     <span class='ocr_line' id='line_1_18' title="bbox 365 1764 2015 1832; baseline -0.003 -14"><span class='ocrx_word' id='word_1_112' title='bbox 365 1773 482 1832; x_wconf 79' lang='lat' dir='ltr'>tur3</span> <span class='ocrx_word' id='word_1_113' title='bbox 545 1783 667 1818; x_wconf 82' lang='lat' dir='ltr'>narn</span> <span class='ocrx_word' id='word_1_114' title='bbox 712 1783 876 1816; x_wconf 88' lang='lat' dir='ltr'>massa</span> <span class='ocrx_word' id='word_1_115' title='bbox 924 1766 1356 1816; x_wconf 85' lang='lat' dir='ltr'>circumvolvens</span> <span class='ocrx_word' id='word_1_116' title='bbox 1390 1764 1642 1814; x_wconf 84' lang='lat' dir='ltr'>cellulosa</span> <span class='ocrx_word' id='word_1_117' title='bbox 1688 1770 1844 1828; x_wconf 87' lang='lat' dir='ltr'>atque</span> <span class='ocrx_word' id='word_1_118' title='bbox 1878 1765 2015 1813; x_wconf 88' lang='lat' dir='ltr'>mol·</span> 
     </span>
     <span class='ocr_line' id='line_1_19' title="bbox 366 1848 2023 1919; baseline -0.002 -17"><span class='ocrx_word' id='word_1_119' title='bbox 366 1852 468 1913; x_wconf 84' lang='lat' dir='ltr'>lis,</span> <span class='ocrx_word' id='word_1_120' title='bbox 505 1851 824 1919; x_wconf 76' lang='lat' dir='ltr'>pinguedine</span> <span class='ocrx_word' id='word_1_121' title='bbox 856 1861 1086 1915; x_wconf 84' lang='lat' dir='ltr'>resorpta</span> <span class='ocrx_word' id='word_1_122' title='bbox 1120 1851 1295 1910; x_wconf 81' lang='lat' dir='ltr'>flava,</span> <span class='ocrx_word' id='word_1_123' title='bbox 1333 1863 1595 1899; x_wconf 87' lang='lat' dir='ltr'>conorum</span> <span class='ocrx_word' id='word_1_124' title='bbox 1628 1848 1848 1913; x_wconf 84' lang='lat' dir='ltr'>parietes</span> <span class='ocrx_word' id='word_1_125' title='bbox 1882 1864 2023 1899; x_wconf 89' lang='lat' dir='ltr'>con-</span> 
     </span>
     <span class='ocr_line' id='line_1_20' title="bbox 382 1934 1331 1999; baseline -0.004 -12"><span class='ocrx_word' id='word_1_126' title='bbox 382 1943 463 1987; x_wconf 79' lang='lat' dir='ltr'>tra</span> <span class='ocrx_word' id='word_1_127' title='bbox 498 1937 692 1986; x_wconf 85' lang='lat' dir='ltr'>albidae</span> <span class='ocrx_word' id='word_1_128' title='bbox 725 1943 849 1983; x_wconf 85' lang='lat' dir='ltr'>sunt</span> <span class='ocrx_word' id='word_1_129' title='bbox 880 1943 1032 1998; x_wconf 84' lang='lat' dir='ltr'>atque</span> <span class='ocrx_word' id='word_1_130' title='bbox 1067 1934 1221 1984; x_wconf 88' lang='lat' dir='ltr'>durae</span> <span class='ocrx_word' id='word_1_131' title='bbox 1262 1935 1331 1999; x_wconf 88' lang='lat'>¹).</span> 
     </span>
    </p>
   </div>
   <div class='ocr_carea' id='block_1_3' title="bbox 368 2036 2038 2522">
    <p class='ocr_par' dir='ltr' id='par_1_6' title="bbox 368 2036 2038 2522">
     <span class='ocr_line' id='line_1_21' title="bbox 471 2036 2012 2104; baseline -0.001 -15"><span class='ocrx_word' id='word_1_132' title='bbox 471 2038 592 2089; x_wconf 84' lang='lat' dir='ltr'>Basi</span> <span class='ocrx_word' id='word_1_133' title='bbox 649 2053 739 2088; x_wconf 87' lang='lat' dir='ltr'>sua</span> <span class='ocrx_word' id='word_1_134' title='bbox 803 2051 970 2086; x_wconf 89' lang='lat' dir='ltr'>conus</span> <span class='ocrx_word' id='word_1_135' title='bbox 1018 2037 1234 2104; x_wconf 85' lang='lat' dir='ltr'>quisque</span> <span class='ocrx_word' id='word_1_136' title='bbox 1293 2037 1594 2102; x_wconf 82' lang='lat' dir='ltr'>ligamentis</span> <span class='ocrx_word' id='word_1_137' title='bbox 1655 2036 2012 2088; x_wconf 85' lang='lat' dir='ltr'>articularibus</span> 
     </span>
     <span class='ocr_line' id='line_1_22' title="bbox 369 2117 2038 2188; baseline -0.003 -14"><span class='ocrx_word' id='word_1_138' title='bbox 369 2121 881 2187; x_wconf 72' lang='lat' dir='ltr'>fibro-cartilagineis</span> <span class='ocrx_word' id='word_1_139' title='bbox 926 2135 1044 2169; x_wconf 86' lang='lat' dir='ltr'>cum</span> <span class='ocrx_word' id='word_1_140' title='bbox 1091 2121 1386 2188; x_wconf 87' lang='lat' dir='ltr'>propinquo</span> <span class='ocrx_word' id='word_1_141' title='bbox 1420 2127 1669 2188; x_wconf 89' lang='lat' dir='ltr'>sequente</span> <span class='ocrx_word' id='word_1_142' title='bbox 1701 2137 1757 2170; x_wconf 89' lang='lat' dir='ltr'>se</span> <span class='ocrx_word' id='word_1_143' title='bbox 1789 2117 2038 2186; x_wconf 82' lang='lat' dir='ltr'>conjun-‘</span> 
     </span>
     <span class='ocr_line' id='line_1_23' title="bbox 368 2203 2018 2275; baseline -0.002 -18"><span class='ocrx_word' id='word_1_144' title='bbox 368 2210 482 2275; x_wconf 78' lang='lat' dir='ltr'>git,</span> <span class='ocrx_word' id='word_1_145' title='bbox 531 2221 637 2270; x_wconf 91' lang='lat' dir='ltr'>quo</span> <span class='ocrx_word' id='word_1_146' title='bbox 675 2206 926 2255; x_wconf 79' lang='lat' dir='ltr'>cavitates</span> <span class='ocrx_word' id='word_1_147' title='bbox 970 2205 1023 2253; x_wconf 90' lang='lat' dir='ltr'>in</span> <span class='ocrx_word' id='word_1_148' title='bbox 1057 2203 1363 2254; x_wconf 85' lang='lat' dir='ltr'>dissectioni</span> <span class='ocrx_word' id='word_1_149' title='bbox 1412 2205 1734 2255; x_wconf 83' lang='lat' dir='ltr'>horizontali</span> <span class='ocrx_word' id='word_1_150' title='bbox 1768 2206 2018 2271; x_wconf 81' lang='lat' dir='ltr'>quadran-</span> 
     </span>
     <span class='ocr_line' id='line_1_24' title="bbox 374 2287 2019 2359; baseline -0.002 -17"><span class='ocrx_word' id='word_1_151' title='bbox 374 2293 598 2359; x_wconf 82' lang='lat' dir='ltr'>gulareS,</span> <span class='ocrx_word' id='word_1_152' title='bbox 634 2290 953 2355; x_wconf 80' lang='lat' dir='ltr'>marginibus</span> <span class='ocrx_word' id='word_1_153' title='bbox 983 2302 1163 2352; x_wconf 85' lang='lat' dir='ltr'>parum</span> <span class='ocrx_word' id='word_1_154' title='bbox 1187 2288 1368 2337; x_wconf 81' lang='lat' dir='ltr'>curvis</span> <span class='ocrx_word' id='word_1_155' title='bbox 1396 2287 1711 2348; x_wconf 85' lang='lat' dir='ltr'>formantur,</span> <span class='ocrx_word' id='word_1_156' title='bbox 1746 2305 1876 2354; x_wconf 89' lang='lat' dir='ltr'>quae</span> <span class='ocrx_word' id='word_1_157' title='bbox 1898 2291 2019 2341; x_wconf 85' lang='lat' dir='ltr'>sub—</span> 
     </span>
     <span class='ocr_line' id='line_1_25' title="bbox 369 2371 2013 2439; baseline -0.002 -13"><span class='ocrx_word' id='word_1_158' title='bbox 369 2378 558 2426; x_wconf 64' lang='lat' dir='ltr'>stantia</span> <span class='ocrx_word' id='word_1_159' title='bbox 609 2373 962 2439; x_wconf 64' lang='lat' dir='ltr'>cartilaginea,</span> <span class='ocrx_word' id='word_1_160' title='bbox 998 2372 1227 2435; x_wconf 85' lang='lat' dir='ltr'>capsulas</span> <span class='ocrx_word' id='word_1_161' title='bbox 1250 2371 1537 2422; x_wconf 84' lang='lat' dir='ltr'>introrsum</span> <span class='ocrx_word' id='word_1_162' title='bbox 1558 2387 1673 2423; x_wconf 88' lang='lat' dir='ltr'>sese</span> <span class='ocrx_word' id='word_1_163' title='bbox 1691 2372 2013 2423; x_wconf 88' lang='lat' dir='ltr'>includentes</span> 
     </span>
     <span class='ocr_line' id='line_1_26' title="bbox 368 2455 2014 2522; baseline -0.002 -12"><span class='ocrx_word' id='word_1_164' title='bbox 368 2461 663 2516; x_wconf 81' lang='lat' dir='ltr'>formante,</span> <span class='ocrx_word' id='word_1_165' title='bbox 728 2456 1011 2522; x_wconf 77' lang='lat' dir='ltr'>implentur</span> <span class='ocrx_word' id='word_1_166' title='bbox 1031 2491 1044 2516; x_wconf 86' lang='lat'><em>‚</em></span> <span class='ocrx_word' id='word_1_167' title='bbox 1115 2469 1329 2519; x_wconf 88' lang='lat' dir='ltr'>quarum</span> <span class='ocrx_word' id='word_1_168' title='bbox 1380 2455 1560 2505; x_wconf 87' lang='lat' dir='ltr'>intima</span> <span class='ocrx_word' id='word_1_169' title='bbox 1619 2464 1672 2508; x_wconf 87' lang='lat' dir='ltr'>et</span> <span class='ocrx_word' id='word_1_170' title='bbox 1726 2457 2014 2507; x_wconf 87' lang='lat' dir='ltr'>molissima</span> 
     </span>
    </p>
   </div>
   <div class='ocr_carea' id='block_1_4' title="bbox 371 2544 2011 2693">
    <p class='ocr_par' dir='ltr' id='par_1_7' title="bbox 371 2544 2011 2693">
     <span class='ocr_line' id='line_1_27' title="bbox 371 2544 987 2611; baseline -0.01 -16"><span class='ocrx_word' id='word_1_171' title='bbox 371 2560 503 2611; x_wconf 84' lang='lat' dir='ltr'>pene</span> <span class='ocrx_word' id='word_1_172' title='bbox 534 2544 766 2608; x_wconf 77' lang='lat' dir='ltr'>pultacea</span> <span class='ocrx_word' id='word_1_173' title='bbox 802 2549 878 2591; x_wconf 86' lang='lat' dir='ltr'>est</span> <span class='ocrx_word' id='word_1_174' title='bbox 918 2547 987 2590; x_wconf 60' lang='lat'>²2.</span> 
     </span>
     <span class='ocr_line' id='line_1_28' title="bbox 467 2621 2011 2693; baseline -0.003 -15"><span class='ocrx_word' id='word_1_175' title='bbox 467 2628 600 2678; x_wconf 86' lang='lat' dir='ltr'>Coni</span> <span class='ocrx_word' id='word_1_176' title='bbox 636 2626 995 2693; x_wconf 77' lang='lat' dir='ltr'>cujuscunque</span> <span class='ocrx_word' id='word_1_177' title='bbox 1032 2638 1278 2675; x_wconf 81' lang='lat' dir='ltr'>cacumen</span> <span class='ocrx_word' id='word_1_178' title='bbox 1319 2621 1575 2674; x_wconf 84' lang='lat' dir='ltr'>foramine</span> <span class='ocrx_word' id='word_1_179' title='bbox 1608 2623 1836 2690; x_wconf 78' lang='lat' dir='ltr'>parvulo</span> <span class='ocrx_word' id='word_1_180' title='bbox 1868 2638 2011 2690; x_wconf 85' lang='lat' dir='ltr'>aper·</span> 
     </span>
    </p>
   </div>
   <div class='ocr_carea' id='block_1_5' title="bbox 441 2858 2014 3177">
    <p class='ocr_par' dir='ltr' id='par_1_8' title="bbox 443 2858 2012 3085">
     <span class='ocr_line' id='line_1_29' title="bbox 443 2858 2012 2921; baseline -0.006 -12"><span class='ocrx_word' id='word_1_181' title='bbox 443 2865 492 2919; x_wconf 85' lang='lat'>1)</span> <span class='ocrx_word' id='word_1_182' title='bbox 527 2871 629 2914; x_wconf 87' lang='lat' dir='ltr'>Post</span> <span class='ocrx_word' id='word_1_183' title='bbox 658 2866 991 2909; x_wconf 74' lang='lat' dir='ltr'>macerationem</span> <span class='ocrx_word' id='word_1_184' title='bbox 1046 2878 1124 2921; x_wconf 88' lang='lat' dir='ltr'>per</span> <span class='ocrx_word' id='word_1_185' title='bbox 1163 2871 1334 2918; x_wconf 81' lang='lat' dir='ltr'>tempus</span> <span class='ocrx_word' id='word_1_186' title='bbox 1372 2864 1555 2915; x_wconf 78' lang='lat' dir='ltr'>longum</span> <span class='ocrx_word' id='word_1_187' title='bbox 1607 2867 1874 2916; x_wconf 84' lang='lat' dir='ltr'>persecutam</span> <span class='ocrx_word' id='word_1_188' title='bbox 1910 2858 2012 2901; x_wconf 78' lang='lat' dir='ltr'>sub-</span> 
     </span>
     <span class='ocr_line' id='line_1_30' title="bbox 535 2941 2011 2998; baseline -0.009 -3"><span class='ocrx_word' id='word_1_189' title='bbox 535 2954 717 2995; x_wconf 80' lang='lat' dir='ltr'>stantiae</span> <span class='ocrx_word' id='word_1_190' title='bbox 747 2951 848 2993; x_wconf 85' lang='lat' dir='ltr'>illae</span> <span class='ocrx_word' id='word_1_191' title='bbox 875 2950 1024 2991; x_wconf 86' lang='lat' dir='ltr'>ambae</span> <span class='ocrx_word' id='word_1_192' title='bbox 1066 2951 1205 2991; x_wconf 73' lang='lat' dir='ltr'>cultro</span> <span class='ocrx_word' id='word_1_193' title='bbox 1245 2946 1368 2989; x_wconf 77' lang='lat' dir='ltr'>facile</span> <span class='ocrx_word' id='word_1_194' title='bbox 1404 2947 1600 2993; x_wconf 85' lang='lat' dir='ltr'>divides,</span> <span class='ocrx_word' id='word_1_195' title='bbox 1648 2942 1830 2998; x_wconf 84' lang='lat' dir='ltr'>conique</span> <span class='ocrx_word' id='word_1_196' title='bbox 1869 2941 2011 2984; x_wconf 80' lang='lat' dir='ltr'>adhuc</span> 
     </span>
     <span class='ocr_line' id='line_1_31' title="bbox 530 3027 1825 3085; baseline -0.008 -6"><span class='ocrx_word' id='word_1_197' title='bbox 530 3036 704 3080; x_wconf 69' lang='lat' dir='ltr'>connati</span> <span class='ocrx_word' id='word_1_198' title='bbox 730 3037 918 3078; x_wconf 79' lang='lat' dir='ltr'>formam</span> <span class='ocrx_word' id='word_1_199' title='bbox 947 3031 1164 3085; x_wconf 82' lang='lat' dir='ltr'>horologii</span> <span class='ocrx_word' id='word_1_200' title='bbox 1193 3030 1257 3073; x_wconf 88' lang='lat' dir='ltr'>sic</span> <span class='ocrx_word' id='word_1_201' title='bbox 1279 3029 1379 3076; x_wconf 75' lang='lat' dir='ltr'>dicti</span> <span class='ocrx_word' id='word_1_202' title='bbox 1407 3027 1591 3072; x_wconf 86' lang='lat' dir='ltr'>arenarii</span> <span class='ocrx_word' id='word_1_203' title='bbox 1615 3028 1825 3074; x_wconf 80' lang='lat' dir='ltr'>referunt.</span> 
     </span>
    </p>

    <p class='ocr_par' dir='ltr' id='par_1_9' title="bbox 441 3101 2014 3177">
     <span class='ocr_line' id='line_1_32' title="bbox 441 3101 2014 3177; baseline -0.013 -9"><span class='ocrx_word' id='word_1_204' title='bbox 441 3120 494 3177; x_wconf 84' lang='lat'>2)</span> <span class='ocrx_word' id='word_1_205' title='bbox 530 3125 580 3168; x_wconf 89' lang='lat' dir='ltr'>In</span> <span class='ocrx_word' id='word_1_206' title='bbox 599 3122 760 3176; x_wconf 83' lang='lat' dir='ltr'>Squalo</span> <span class='ocrx_word' id='word_1_207' title='bbox 780 3118 973 3162; x_wconf 73' lang='lat' dir='ltr'>maximo</span> <span class='ocrx_word' id='word_1_208' title='bbox 999 3119 1056 3163; x_wconf 87' lang='lat' dir='ltr'>E.</span> <span class='ocrx_word' id='word_1_209' title='bbox 1076 3118 1219 3160; x_wconf 83' lang='lat' dir='ltr'>Home</span> <span class='ocrx_word' id='word_1_210' title='bbox 1249 3114 1293 3157; x_wconf 82' lang='lat' dir='ltr'>in</span> <span class='ocrx_word' id='word_1_211' title='bbox 1321 3127 1405 3157; x_wconf 77' lang='lat' dir='ltr'>una</span> <span class='ocrx_word' id='word_1_212' title='bbox 1435 3126 1580 3156; x_wconf 87' lang='lat' dir='ltr'>earum</span> <span class='ocrx_word' id='word_1_213' title='bbox 1610 3110 1846 3156; x_wconf 82' lang='lat' dir='ltr'>cavitatum</span> <span class='ocrx_word' id='word_1_214' title='bbox 1865 3101 2014 3163; x_wconf 81' lang='lat' dir='ltr'>liquo-</span> 
     </span>
    </p>
   </div>
   <div class='ocr_carea' id='block_1_6' title="bbox 538 3192 1980 3255">
    <p class='ocr_par' dir='ltr' id='par_1_10' title="bbox 538 3192 1980 3255">
     <span class='ocr_line' id='line_1_33' title="bbox 538 3192 1980 3255; baseline -0.01 -6"><span class='ocrx_word' id='word_1_215' title='bbox 538 3220 629 3249; x_wconf 83' lang='lat' dir='ltr'>rem</span> <span class='ocrx_word' id='word_1_216' title='bbox 659 3202 811 3245; x_wconf 82' lang='lat' dir='ltr'>libram</span> <span class='ocrx_word' id='word_1_217' title='bbox 841 3205 930 3246; x_wconf 76' lang='lat' dir='ltr'>sere</span> <span class='ocrx_word' id='word_1_218' title='bbox 968 3201 1140 3248; x_wconf 72' lang='lat' dir='ltr'>civilem</span> <span class='ocrx_word' id='word_1_219' title='bbox 1178 3206 1434 3255; x_wconf 81' lang='lat' dir='ltr'>aequantem</span> <span class='ocrx_word' id='word_1_220' title='bbox 1464 3217 1523 3230; x_wconf 87' lang='lat'><em>-</em></span> <span class='ocrx_word' id='word_1_221' title='bbox 1555 3195 1679 3242; x_wconf 89' lang='lat' dir='ltr'>Pinte</span> <span class='ocrx_word' id='word_1_222' title='bbox 1711 3216 1766 3226; x_wconf 88' lang='lat'>-——</span> <span class='ocrx_word' id='word_1_223' title='bbox 1804 3192 1980 3249; x_wconf 85' lang='lat' dir='ltr'>reperit.</span> 
     </span>
    </p>
   </div>
  </div>
 </body>
</html>
