<?xml version="1.0" encoding="UTF-8"?>
<!DOCTYPE html PUBLIC "-//W3C//DTD XHTML 1.0 Transitional//EN"
    "http://www.w3.org/TR/xhtml1/DTD/xhtml1-transitional.dtd">
<html xmlns="http://www.w3.org/1999/xhtml" xml:lang="en" lang="en">
 <head>
  <title>
</title>
<meta http-equiv="Content-Type" content="text/html;charset=utf-8" />
  <meta name='ocr-system' content='tesseract 3.04.00' />
  <meta name='ocr-capabilities' content='ocr_page ocr_carea ocr_par ocr_line ocrx_word'/>
</head>
<body>
  <div class='ocr_page' id='page_1' title='image "./quaedamdehistori00z_0037.png"; bbox 0 0 2064 3706; ppageno 0'>
   <div class='ocr_carea' id='block_1_1' title="bbox 1619 256 1698 310">
    <p class='ocr_par' dir='ltr' id='par_1_1' title="bbox 1619 256 1698 310">
     <span class='ocr_line' id='line_1_1' title="bbox 1619 256 1698 310; baseline 0 0"><span class='ocrx_word' id='word_1_1' title='bbox 1619 256 1698 310; x_wconf 79' lang='lat'>23</span> 
     </span>
    </p>
   </div>
   <div class='ocr_carea' id='block_1_2' title="bbox 47 389 1705 2470">
    <p class='ocr_par' dir='ltr' id='par_1_2' title="bbox 52 389 1698 622">
     <span class='ocr_line' id='line_1_2' title="bbox 59 389 1698 457; baseline 0.002 -18"><span class='ocrx_word' id='word_1_2' title='bbox 59 391 272 442; x_wconf 85' lang='lat' dir='ltr'>nionem</span> <span class='ocrx_word' id='word_1_3' title='bbox 316 390 578 444; x_wconf 85' lang='lat' dir='ltr'>Gesnerus</span> <span class='ocrx_word' id='word_1_4' title='bbox 623 390 941 456; x_wconf 80' lang='lat' dir='ltr'>argumentis</span> <span class='ocrx_word' id='word_1_5' title='bbox 985 404 1101 439; x_wconf 88' lang='lat' dir='ltr'>non</span> <span class='ocrx_word' id='word_1_6' title='bbox 1141 389 1450 441; x_wconf 83' lang='lat' dir='ltr'>confirmare</span> <span class='ocrx_word' id='word_1_7' title='bbox 1493 400 1698 457; x_wconf 85' lang='lat' dir='ltr'>potest;</span> 
     </span>
     <span class='ocr_line' id='line_1_3' title="bbox 58 472 1698 543; baseline 0.004 -22"><span class='ocrx_word' id='word_1_8' title='bbox 58 489 176 523; x_wconf 83' lang='lat' dir='ltr'>nam</span> <span class='ocrx_word' id='word_1_9' title='bbox 215 475 368 526; x_wconf 87' lang='lat' dir='ltr'>facile</span> <span class='ocrx_word' id='word_1_10' title='bbox 398 477 508 526; x_wconf 80' lang='lat' dir='ltr'>fieri</span> <span class='ocrx_word' id='word_1_11' title='bbox 542 483 744 543; x_wconf 85' lang='lat' dir='ltr'>potest,</span> <span class='ocrx_word' id='word_1_12' title='bbox 795 483 855 524; x_wconf 89' lang='lat' dir='ltr'>ut</span> <span class='ocrx_word' id='word_1_13' title='bbox 894 475 948 521; x_wconf 88' lang='lat' dir='ltr'>in</span> <span class='ocrx_word' id='word_1_14' title='bbox 985 472 1287 524; x_wconf 86' lang='lat' dir='ltr'>Macedonia</span> <span class='ocrx_word' id='word_1_15' title='bbox 1333 482 1385 526; x_wconf 87' lang='lat' dir='ltr'>et</span> <span class='ocrx_word' id='word_1_16' title='bbox 1420 476 1507 526; x_wconf 83' lang='lat' dir='ltr'>alii</span> <span class='ocrx_word' id='word_1_17' title='bbox 1532 478 1698 543; x_wconf 78' lang='lat' dir='ltr'><strong>pisces</strong></span> 
     </span>
     <span class='ocr_line' id='line_1_4' title="bbox 52 559 1021 622; baseline 0.002 -17"><span class='ocrx_word' id='word_1_18' title='bbox 52 559 205 606; x_wconf 82' lang='lat' dir='ltr'>vario</span> <span class='ocrx_word' id='word_1_19' title='bbox 238 560 410 609; x_wconf 87' lang='lat' dir='ltr'>colore</span> <span class='ocrx_word' id='word_1_20' title='bbox 436 561 668 611; x_wconf 85' lang='lat' dir='ltr'>distincti</span> <span class='ocrx_word' id='word_1_21' title='bbox 691 559 1021 622; x_wconf 76' lang='lat' dir='ltr'>reperiantur.</span> 
     </span>
    </p>

    <p class='ocr_par' dir='ltr' id='par_1_3' title="bbox 47 641 1703 1387">
     <span class='ocr_line' id='line_1_5' title="bbox 148 641 1703 713; baseline 0.001 -21"><span class='ocrx_word' id='word_1_22' title='bbox 148 643 448 706; x_wconf 83' lang='lat' dir='ltr'>Ausonius,</span> <span class='ocrx_word' id='word_1_23' title='bbox 493 646 782 713; x_wconf 79' lang='lat' dir='ltr'>Episcopus</span> <span class='ocrx_word' id='word_1_24' title='bbox 828 641 1020 690; x_wconf 86' lang='lat' dir='ltr'>sacculi</span> <span class='ocrx_word' id='word_1_25' title='bbox 1055 643 1247 707; x_wconf 81' lang='lat' dir='ltr'>quinti,</span> <span class='ocrx_word' id='word_1_26' title='bbox 1286 643 1553 695; x_wconf 83' lang='lat' dir='ltr'>Farionem</span> <span class='ocrx_word' id='word_1_27' title='bbox 1588 660 1703 694; x_wconf 88' lang='lat' dir='ltr'>sae-</span> 
     </span>
     <span class='ocr_line' id='line_1_6' title="bbox 60 727 1700 796; baseline 0.002 -22"><span class='ocrx_word' id='word_1_28' title='bbox 60 727 174 791; x_wconf 87' lang='lat' dir='ltr'>pius</span> <span class='ocrx_word' id='word_1_29' title='bbox 200 732 668 789; x_wconf 83' lang='lat' dir='ltr'>commemoravit,</span> <span class='ocrx_word' id='word_1_30' title='bbox 705 743 823 778; x_wconf 88' lang='lat' dir='ltr'>eum</span> <span class='ocrx_word' id='word_1_31' title='bbox 858 733 1029 775; x_wconf 86' lang='lat' dir='ltr'>tamen</span> <span class='ocrx_word' id='word_1_32' title='bbox 1053 728 1312 792; x_wconf 81' lang='lat' dir='ltr'>propriam</span> <span class='ocrx_word' id='word_1_33' title='bbox 1339 729 1562 796; x_wconf 84' lang='lat' dir='ltr'>speciem</span> <span class='ocrx_word' id='word_1_34' title='bbox 1590 745 1700 777; x_wconf 86' lang='lat' dir='ltr'>non</span> 
     </span>
     <span class='ocr_line' id='line_1_7' title="bbox 59 809 1701 879; baseline 0.002 -19"><span class='ocrx_word' id='word_1_35' title='bbox 59 827 199 869; x_wconf 86' lang='lat' dir='ltr'>esse,</span> <span class='ocrx_word' id='word_1_36' title='bbox 234 812 322 862; x_wconf 90' lang='lat' dir='ltr'>sed</span> <span class='ocrx_word' id='word_1_37' title='bbox 356 814 628 864; x_wconf 89' lang='lat' dir='ltr'>Salmones</span> <span class='ocrx_word' id='word_1_38' title='bbox 667 809 837 862; x_wconf 84' lang='lat' dir='ltr'>adhud</span> <span class='ocrx_word' id='word_1_39' title='bbox 881 826 1076 875; x_wconf 86' lang='lat' dir='ltr'>parvos</span> <span class='ocrx_word' id='word_1_40' title='bbox 1117 812 1415 872; x_wconf 88' lang='lat' dir='ltr'><strong>contendit,</strong></span> <span class='ocrx_word' id='word_1_41' title='bbox 1452 814 1592 879; x_wconf 86' lang='lat' dir='ltr'>quod</span> <span class='ocrx_word' id='word_1_42' title='bbox 1633 831 1701 863; x_wconf 82' lang='lat' dir='ltr'>ex</span> 
     </span>
     <span class='ocr_line' id='line_1_8' title="bbox 62 892 1703 964; baseline 0.002 -20"><span class='ocrx_word' id='word_1_43' title='bbox 62 897 236 946; x_wconf 87' lang='lat' dir='ltr'>verbis</span> <span class='ocrx_word' id='word_1_44' title='bbox 275 899 384 947; x_wconf 82' lang='lat' dir='ltr'>suis</span> <span class='ocrx_word' id='word_1_45' title='bbox 409 899 748 964; x_wconf 85' lang='lat' dir='ltr'>conspicuum</span> <span class='ocrx_word' id='word_1_46' title='bbox 782 904 890 955; x_wconf 63' lang='grc' dir='ltr'>θεῖς</span> <span class='ocrx_word' id='word_1_47' title='bbox 921 894 1018 943; x_wconf 85' lang='lat' dir='ltr'>ait:</span> <span class='ocrx_word' id='word_1_48' title='bbox 1091 892 1428 956; x_wconf 88' lang='lat' dir='ltr'>„Thedonem</span> <span class='ocrx_word' id='word_1_49' title='bbox 1463 913 1574 947; x_wconf 86' lang='lat' dir='ltr'>esse</span> <span class='ocrx_word' id='word_1_50' title='bbox 1592 914 1703 963; x_wconf 83' lang='lat' dir='ltr'>par-</span> 
     </span>
     <span class='ocr_line' id='line_1_9' title="bbox 60 978 1702 1046; baseline 0 -16"><span class='ocrx_word' id='word_1_51' title='bbox 60 980 277 1041; x_wconf 85' lang='lat' dir='ltr'>„vularn</span> <span class='ocrx_word' id='word_1_52' title='bbox 305 990 357 1032; x_wconf 89' lang='lat' dir='ltr'>et</span> <span class='ocrx_word' id='word_1_53' title='bbox 380 982 543 1032; x_wconf 90' lang='lat' dir='ltr'>adhuc</span> <span class='ocrx_word' id='word_1_54' title='bbox 572 988 797 1032; x_wconf 81' lang='lat' dir='ltr'><strong>teneram</strong></span> <span class='ocrx_word' id='word_1_55' title='bbox 826 978 1098 1037; x_wconf 82' lang='lat' dir='ltr'>Forellam‚</span> <span class='ocrx_word' id='word_1_56' title='bbox 1133 995 1262 1044; x_wconf 88' lang='lat' dir='ltr'>quae</span> <span class='ocrx_word' id='word_1_57' title='bbox 1291 988 1565 1046; x_wconf 73' lang='lat' dir='ltr'>postquam</span> <span class='ocrx_word' id='word_1_58' title='bbox 1589 980 1702 1030; x_wconf 83' lang='lat' dir='ltr'>fue-</span> 
     </span>
     <span class='ocr_line' id='line_1_10' title="bbox 57 1063 1702 1130; baseline 0.001 -17"><span class='ocrx_word' id='word_1_59' title='bbox 57 1065 159 1127; x_wconf 84' lang='lat' dir='ltr'>„rit</span> <span class='ocrx_word' id='word_1_60' title='bbox 187 1067 580 1130; x_wconf 80' lang='lat' dir='ltr'>grandiuscula,</span> <span class='ocrx_word' id='word_1_61' title='bbox 614 1080 812 1116; x_wconf 88' lang='lat' dir='ltr'>nomen</span> <span class='ocrx_word' id='word_1_62' title='bbox 840 1079 994 1113; x_wconf 86' lang='lat' dir='ltr'>suum</span> <span class='ocrx_word' id='word_1_63' title='bbox 1035 1064 1229 1113; x_wconf 85' lang='lat' dir='ltr'>amittit</span> <span class='ocrx_word' id='word_1_64' title='bbox 1266 1073 1320 1115; x_wconf 87' lang='lat' dir='ltr'>et</span> <span class='ocrx_word' id='word_1_65' title='bbox 1362 1063 1504 1115; x_wconf 87' lang='lat' dir='ltr'>Salar</span> <span class='ocrx_word' id='word_1_66' title='bbox 1540 1081 1702 1114; x_wconf 81' lang='lat' dir='ltr'>voca-</span> 
     </span>
     <span class='ocr_line' id='line_1_11' title="bbox 54 1147 1703 1216; baseline 0 -18"><span class='ocrx_word' id='word_1_67' title='bbox 54 1153 230 1212; x_wconf 79' lang='lat' dir='ltr'>„tur;“</span> <span class='ocrx_word' id='word_1_68' title='bbox 268 1183 323 1190; x_wconf 84' lang='lat'>-—</span> <span class='ocrx_word' id='word_1_69' title='bbox 360 1151 610 1216; x_wconf 89' lang='lat' dir='ltr'>Locoque</span> <span class='ocrx_word' id='word_1_70' title='bbox 647 1149 751 1200; x_wconf 89' lang='lat' dir='ltr'>alio</span> <span class='ocrx_word' id='word_1_71' title='bbox 789 1148 956 1199; x_wconf 81' lang='lat' dir='ltr'>dixit:</span> <span class='ocrx_word' id='word_1_72' title='bbox 994 1147 1173 1210; x_wconf 79' lang='lat' dir='ltr'>„Fario</span> <span class='ocrx_word' id='word_1_73' title='bbox 1220 1155 1302 1198; x_wconf 86' lang='lat' dir='ltr'>est</span> <span class='ocrx_word' id='word_1_74' title='bbox 1339 1149 1566 1199; x_wconf 82' lang='lat' dir='ltr'>adultior</span> <span class='ocrx_word' id='word_1_75' title='bbox 1601 1149 1703 1199; x_wconf 83' lang='lat' dir='ltr'>Fo-</span> 
     </span>
     <span class='ocr_line' id='line_1_12' title="bbox 56 1231 1703 1301; baseline 0 -18"><span class='ocrx_word' id='word_1_76' title='bbox 56 1235 236 1295; x_wconf 79' lang='lat' dir='ltr'>„rella,</span> <span class='ocrx_word' id='word_1_77' title='bbox 287 1236 454 1287; x_wconf 74' lang='lat' dir='ltr'>Salate</span> <span class='ocrx_word' id='word_1_78' title='bbox 495 1235 687 1301; x_wconf 83' lang='lat' dir='ltr'>major,</span> <span class='ocrx_word' id='word_1_79' title='bbox 733 1243 787 1284; x_wconf 88' lang='lat' dir='ltr'>et</span> <span class='ocrx_word' id='word_1_80' title='bbox 826 1231 1072 1284; x_wconf 83' lang='lat' dir='ltr'>Salmone</span> <span class='ocrx_word' id='word_1_81' title='bbox 1116 1232 1321 1292; x_wconf 87' lang='lat' dir='ltr'>minor,</span> <span class='ocrx_word' id='word_1_82' title='bbox 1377 1232 1428 1283; x_wconf 87' lang='lat' dir='ltr'>h.</span> <span class='ocrx_word' id='word_1_83' title='bbox 1471 1252 1520 1288; x_wconf 86' lang='lat' dir='ltr'>e.</span> <span class='ocrx_word' id='word_1_84' title='bbox 1572 1249 1703 1299; x_wconf 77' lang='lat' dir='ltr'>quae</span> 
     </span>
     <span class='ocr_line' id='line_1_13' title="bbox 47 1317 1700 1387; baseline 0.001 -19"><span class='ocrx_word' id='word_1_85' title='bbox 47 1319 193 1387; x_wconf 78' lang='lat' dir='ltr'>„jam</span> <span class='ocrx_word' id='word_1_86' title='bbox 218 1320 399 1379; x_wconf 88' lang='lat' dir='ltr'>desiit,</span> <span class='ocrx_word' id='word_1_87' title='bbox 435 1337 548 1370; x_wconf 89' lang='lat' dir='ltr'>esse</span> <span class='ocrx_word' id='word_1_88' title='bbox 562 1318 784 1370; x_wconf 85' lang='lat' dir='ltr'>Salarem</span> <span class='ocrx_word' id='word_1_89' title='bbox 808 1325 861 1368; x_wconf 87' lang='lat' dir='ltr'>et</span> <span class='ocrx_word' id='word_1_90' title='bbox 880 1335 1008 1384; x_wconf 89' lang='lat' dir='ltr'>quae</span> <span class='ocrx_word' id='word_1_91' title='bbox 1035 1318 1268 1367; x_wconf 85' lang='lat' dir='ltr'>nondum</span> <span class='ocrx_word' id='word_1_92' title='bbox 1293 1326 1374 1368; x_wconf 86' lang='lat' dir='ltr'>est</span> <span class='ocrx_word' id='word_1_93' title='bbox 1392 1317 1616 1370; x_wconf 77' lang='lat' dir='ltr'>Salmo‚“</span> <span class='ocrx_word' id='word_1_94' title='bbox 1647 1319 1700 1383; x_wconf 89' lang='lat'>¹)</span> 
     </span>
    </p>

    <p class='ocr_par' dir='ltr' id='par_1_4' title="bbox 51 1401 1702 1803">
     <span class='ocr_line' id='line_1_14' title="bbox 149 1401 1700 1470; baseline 0.001 -16"><span class='ocrx_word' id='word_1_95' title='bbox 149 1404 362 1470; x_wconf 75' lang='lat' dir='ltr'>Figulus</span> <span class='ocrx_word' id='word_1_96' title='bbox 380 1412 552 1454; x_wconf 88' lang='lat' dir='ltr'>autem</span> <span class='ocrx_word' id='word_1_97' title='bbox 581 1404 1071 1454; x_wconf 80' lang='lat' dir='ltr'>transmutationem</span> <span class='ocrx_word' id='word_1_98' title='bbox 1098 1401 1229 1451; x_wconf 86' lang='lat' dir='ltr'>hanc</span> <span class='ocrx_word' id='word_1_99' title='bbox 1257 1402 1455 1466; x_wconf 86' lang='lat' dir='ltr'>rejicit,</span> <span class='ocrx_word' id='word_1_100' title='bbox 1495 1404 1700 1458; x_wconf 87' lang='lat' dir='ltr'>dicens:</span> 
     </span>
     <span class='ocr_line' id='line_1_15' title="bbox 53 1487 1700 1551; baseline 0.001 -13"><span class='ocrx_word' id='word_1_101' title='bbox 53 1488 230 1551; x_wconf 87' lang='lat' dir='ltr'>„Haec</span> <span class='ocrx_word' id='word_1_102' title='bbox 259 1488 391 1538; x_wconf 84' lang='lat' dir='ltr'>mihi</span> <span class='ocrx_word' id='word_1_103' title='bbox 412 1488 659 1538; x_wconf 85' lang='lat' dir='ltr'>videntur</span> <span class='ocrx_word' id='word_1_104' title='bbox 689 1503 806 1535; x_wconf 88' lang='lat' dir='ltr'>esse</span> <span class='ocrx_word' id='word_1_105' title='bbox 842 1487 1082 1548; x_wconf 84' lang='lat' dir='ltr'>absurda,</span> <span class='ocrx_word' id='word_1_106' title='bbox 1117 1501 1284 1551; x_wconf 85' lang='lat' dir='ltr'>neque</span> <span class='ocrx_word' id='word_1_107' title='bbox 1319 1488 1496 1537; x_wconf 90' lang='lat' dir='ltr'>anium</span> <span class='ocrx_word' id='word_1_108' title='bbox 1529 1492 1700 1547; x_wconf 83' lang='lat' dir='ltr'>credo,</span> 
     </span>
     <span class='ocr_line' id='line_1_16' title="bbox 55 1567 1700 1637; baseline 0 -13"><span class='ocrx_word' id='word_1_109' title='bbox 55 1574 331 1637; x_wconf 84' lang='lat' dir='ltr'>„Fariones</span> <span class='ocrx_word' id='word_1_110' title='bbox 375 1573 620 1622; x_wconf 85' lang='lat' dir='ltr'>converti</span> <span class='ocrx_word' id='word_1_111' title='bbox 676 1571 729 1619; x_wconf 88' lang='lat' dir='ltr'>in</span> <span class='ocrx_word' id='word_1_112' title='bbox 780 1567 1080 1629; x_wconf 83' lang='lat' dir='ltr'>Salmones,</span> <span class='ocrx_word' id='word_1_113' title='bbox 1135 1573 1433 1635; x_wconf 85' lang='lat' dir='ltr'>praesertim</span> <span class='ocrx_word' id='word_1_114' title='bbox 1481 1589 1599 1623; x_wconf 89' lang='lat' dir='ltr'>cum</span> <span class='ocrx_word' id='word_1_115' title='bbox 1647 1576 1700 1624; x_wconf 88' lang='lat' dir='ltr'>in</span> 
     </span>
     <span class='ocr_line' id='line_1_17' title="bbox 51 1651 1702 1719; baseline 0.003 -13"><span class='ocrx_word' id='word_1_116' title='bbox 51 1657 303 1718; x_wconf 66' lang='lat' dir='ltr'>„Mosella</span> <span class='ocrx_word' id='word_1_117' title='bbox 349 1655 737 1719; x_wconf 82' lang='lat' dir='ltr'>conspiciantur</span> <span class='ocrx_word' id='word_1_118' title='bbox 776 1651 1018 1713; x_wconf 87' lang='lat' dir='ltr'>Salmuli,</span> <span class='ocrx_word' id='word_1_119' title='bbox 1081 1655 1167 1718; x_wconf 90' lang='lat' dir='ltr'>qui</span> <span class='ocrx_word' id='word_1_120' title='bbox 1207 1656 1264 1705; x_wconf 89' lang='lat' dir='ltr'>in</span> <span class='ocrx_word' id='word_1_121' title='bbox 1299 1654 1570 1708; x_wconf 87' lang='lat' dir='ltr'>Salmones</span> <span class='ocrx_word' id='word_1_122' title='bbox 1607 1677 1702 1710; x_wconf 83' lang='lat' dir='ltr'>ex·</span> 
     </span>
     <span class='ocr_line' id='line_1_18' title="bbox 53 1741 468 1803; baseline -0.002 -13"><span class='ocrx_word' id='word_1_123' title='bbox 53 1741 374 1802; x_wconf 77' lang='lat' dir='ltr'>„crescunt.“</span> <span class='ocrx_word' id='word_1_124' title='bbox 412 1745 468 1803; x_wconf 87' lang='lat'>²)</span> 
     </span>
    </p>

    <p class='ocr_par' dir='ltr' id='par_1_5' title="bbox 50 1820 1699 1976">
     <span class='ocr_line' id='line_1_19' title="bbox 148 1820 1699 1883; baseline 0.003 -8"><span class='ocrx_word' id='word_1_125' title='bbox 148 1823 379 1875; x_wconf 87' lang='lat' dir='ltr'>Ausonii</span> <span class='ocrx_word' id='word_1_126' title='bbox 429 1824 569 1876; x_wconf 86' lang='lat' dir='ltr'>Salar</span> <span class='ocrx_word' id='word_1_127' title='bbox 617 1820 898 1872; x_wconf 88' lang='lat' dir='ltr'>secundum</span> <span class='ocrx_word' id='word_1_128' title='bbox 941 1823 1258 1883; x_wconf 82' lang='lat' dir='ltr'>Belonium,</span> <span class='ocrx_word' id='word_1_129' title='bbox 1327 1823 1699 1879; x_wconf 85' lang='lat' dir='ltr'>Rondeletium</span> 
     </span>
     <span class='ocr_line' id='line_1_20' title="bbox 50 1907 1351 1976; baseline -0.001 -16"><span class='ocrx_word' id='word_1_130' title='bbox 50 1916 208 1976; x_wconf 84' lang='lat' dir='ltr'>atque</span> <span class='ocrx_word' id='word_1_131' title='bbox 238 1908 460 1959; x_wconf 88' lang='lat' dir='ltr'>Gillium</span> <span class='ocrx_word' id='word_1_132' title='bbox 493 1907 764 1958; x_wconf 83' lang='lat' dir='ltr'>Farionem</span> <span class='ocrx_word' id='word_1_133' title='bbox 804 1919 1044 1958; x_wconf 86' lang='lat' dir='ltr'>nostrum</span> <span class='ocrx_word' id='word_1_134' title='bbox 1074 1910 1351 1975; x_wconf 80' lang='lat' dir='ltr'>significat.</span> 
     </span>
    </p>

    <p class='ocr_par' dir='ltr' id='par_1_6' title="bbox 47 1993 1705 2470">
     <span class='ocr_line' id='line_1_21' title="bbox 145 1993 1705 2060; baseline 0.001 -15"><span class='ocrx_word' id='word_1_135' title='bbox 145 1993 326 2045; x_wconf 86' lang='lat' dir='ltr'>Serius</span> <span class='ocrx_word' id='word_1_136' title='bbox 358 2001 512 2059; x_wconf 89' lang='lat' dir='ltr'>atque</span> <span class='ocrx_word' id='word_1_137' title='bbox 561 1993 939 2045; x_wconf 82' lang='lat' dir='ltr'>recentioribus</span> <span class='ocrx_word' id='word_1_138' title='bbox 975 1995 1275 2060; x_wconf 87' lang='lat' dir='ltr'>praesertim</span> <span class='ocrx_word' id='word_1_139' title='bbox 1307 1996 1456 2044; x_wconf 80' lang='lat' dir='ltr'>annis</span> <span class='ocrx_word' id='word_1_140' title='bbox 1497 1996 1550 2045; x_wconf 86' lang='lat' dir='ltr'>in</span> <span class='ocrx_word' id='word_1_141' title='bbox 1586 2013 1705 2047; x_wconf 87' lang='lat' dir='ltr'>om·-</span> 
     </span>
     <span class='ocr_line' id='line_1_22' title="bbox 50 2077 1702 2144; baseline 0 -13"><span class='ocrx_word' id='word_1_142' title='bbox 50 2081 204 2132; x_wconf 86' lang='lat' dir='ltr'>nibus</span> <span class='ocrx_word' id='word_1_143' title='bbox 237 2077 652 2144; x_wconf 76' lang='lat' dir='ltr'>ichthyologicis</span> <span class='ocrx_word' id='word_1_144' title='bbox 696 2079 840 2129; x_wconf 88' lang='lat' dir='ltr'>libris</span> <span class='ocrx_word' id='word_1_145' title='bbox 873 2088 927 2128; x_wconf 75' lang='lat' dir='ltr'>et</span> <span class='ocrx_word' id='word_1_146' title='bbox 967 2079 1146 2128; x_wconf 87' lang='lat' dir='ltr'>multis</span> <span class='ocrx_word' id='word_1_147' title='bbox 1183 2081 1545 2129; x_wconf 87' lang='lat' dir='ltr'>oeconomicis</span> <span class='ocrx_word' id='word_1_148' title='bbox 1580 2099 1702 2131; x_wconf 85' lang='lat' dir='ltr'>ana-</span> 
     </span>
     <span class='ocr_line' id='line_1_23' title="bbox 51 2162 1700 2231; baseline 0.001 -17"><span class='ocrx_word' id='word_1_149' title='bbox 51 2162 364 2229; x_wconf 88' lang='lat' dir='ltr'>tomicisque</span> <span class='ocrx_word' id='word_1_150' title='bbox 379 2163 441 2212; x_wconf 88' lang='lat' dir='ltr'>de</span> <span class='ocrx_word' id='word_1_151' title='bbox 458 2178 523 2212; x_wconf 86' lang='lat' dir='ltr'>eo</span> <span class='ocrx_word' id='word_1_152' title='bbox 547 2164 783 2212; x_wconf 88' lang='lat' dir='ltr'>locutum</span> <span class='ocrx_word' id='word_1_153' title='bbox 805 2171 910 2222; x_wconf 88' lang='lat' dir='ltr'>est,</span> <span class='ocrx_word' id='word_1_154' title='bbox 937 2164 1142 2227; x_wconf 87' lang='lat' dir='ltr'>saepius</span> <span class='ocrx_word' id='word_1_155' title='bbox 1169 2172 1297 2231; x_wconf 78' lang='lat' dir='ltr'>quae</span> <span class='ocrx_word' id='word_1_156' title='bbox 1327 2165 1384 2213; x_wconf 91' lang='lat' dir='ltr'>ad</span> <span class='ocrx_word' id='word_1_157' title='bbox 1403 2164 1515 2231; x_wconf 84' lang='lat' dir='ltr'>ejus</span> <span class='ocrx_word' id='word_1_158' title='bbox 1532 2165 1700 2216; x_wconf 86' lang='lat' dir='ltr'>histo-</span> 
     </span>
     <span class='ocr_line' id='line_1_24' title="bbox 47 2247 1703 2315; baseline 0.001 -15"><span class='ocrx_word' id='word_1_159' title='bbox 47 2250 176 2301; x_wconf 84' lang='lat' dir='ltr'>riam</span> <span class='ocrx_word' id='word_1_160' title='bbox 205 2254 310 2297; x_wconf 85' lang='lat' dir='ltr'>tam</span> <span class='ocrx_word' id='word_1_161' title='bbox 337 2247 622 2298; x_wconf 81' lang='lat' dir='ltr'>naturalem</span> <span class='ocrx_word' id='word_1_162' title='bbox 656 2257 761 2297; x_wconf 81' lang='lat' dir='ltr'>tam</span> <span class='ocrx_word' id='word_1_163' title='bbox 792 2250 1139 2297; x_wconf 87' lang='lat' dir='ltr'>anatomicam</span> <span class='ocrx_word' id='word_1_164' title='bbox 1177 2256 1442 2315; x_wconf 82' lang='lat' dir='ltr'>spectant,</span> <span class='ocrx_word' id='word_1_165' title='bbox 1476 2251 1703 2302; x_wconf 85' lang='lat' dir='ltr'>investi-</span> 
     </span>
     <span class='ocr_line' id='line_1_25' title="bbox 54 2333 1704 2401; baseline 0.002 -18"><span class='ocrx_word' id='word_1_166' title='bbox 54 2342 174 2401; x_wconf 86' lang='lat' dir='ltr'>gata</span> <span class='ocrx_word' id='word_1_167' title='bbox 203 2333 340 2382; x_wconf 88' lang='lat' dir='ltr'>sicut</span> <span class='ocrx_word' id='word_1_168' title='bbox 373 2348 524 2397; x_wconf 86' lang='lat' dir='ltr'>supra</span> <span class='ocrx_word' id='word_1_169' title='bbox 549 2333 936 2400; x_wconf 74' lang='lat' dir='ltr'>proposuimUS,</span> <span class='ocrx_word' id='word_1_170' title='bbox 971 2348 1292 2399; x_wconf 81' lang='lat' dir='ltr'>nequaquam</span> <span class='ocrx_word' id='word_1_171' title='bbox 1313 2341 1486 2388; x_wconf 88' lang='lat' dir='ltr'>autem</span> <span class='ocrx_word' id='word_1_172' title='bbox 1526 2338 1704 2387; x_wconf 81' lang='lat' dir='ltr'>omnia</span> 
     </span>
     <span class='ocr_line' id='line_1_26' title="bbox 47 2417 474 2470; baseline 0 0"><span class='ocrx_word' id='word_1_173' title='bbox 47 2417 302 2470; x_wconf 83' lang='lat' dir='ltr'>exhausta</span> <span class='ocrx_word' id='word_1_174' title='bbox 333 2425 474 2470; x_wconf 78' lang='lat' dir='ltr'>sunt.</span> 
     </span>
    </p>
   </div>
   <div class='ocr_carea' id='block_1_3' title="bbox 112 2655 912 2806">
    <p class='ocr_par' dir='ltr' id='par_1_7' title="bbox 112 2655 912 2806">
     <span class='ocr_line' id='line_1_27' title="bbox 115 2655 912 2716; baseline -0.006 -10"><span class='ocrx_word' id='word_1_175' title='bbox 115 2657 171 2716; x_wconf 84' lang='lat'>1)</span> <span class='ocrx_word' id='word_1_176' title='bbox 204 2659 332 2706; x_wconf 89' lang='lat' dir='ltr'>Conf.</span> <span class='ocrx_word' id='word_1_177' title='bbox 358 2659 504 2705; x_wconf 82' lang='lat' dir='ltr'>Carol.</span> <span class='ocrx_word' id='word_1_178' title='bbox 528 2655 670 2713; x_wconf 84' lang='lat' dir='ltr'>Figuli</span> <span class='ocrx_word' id='word_1_179' title='bbox 698 2655 912 2712; x_wconf 84' lang='lat' dir='ltr'>Ichthyol.</span> 
     </span>
     <span class='ocr_line' id='line_1_28' title="bbox 112 2744 295 2806; baseline -0.005 -13"><span class='ocrx_word' id='word_1_180' title='bbox 112 2744 170 2806; x_wconf 78' lang='lat'>2)</span> <span class='ocrx_word' id='word_1_181' title='bbox 199 2750 234 2793; x_wconf 83' lang='lat'>1.</span> <span class='ocrx_word' id='word_1_182' title='bbox 256 2760 295 2792; x_wconf 91' lang='lat' dir='ltr'>c.</span> 
     </span>
    </p>
   </div>
  </div>
 </body>
</html>
