2064 3706
1586 243 1663 303 31

38 382 418 456 pendicularem
463 391 642 437 sutura
689 400 966 452 squamosa
1022 398 1142 437 cum
1187 381 1325 437 ossis
1366 383 1676 451 sphenoidei

31 482 253 538 corpore
279 487 348 519 ex
372 478 510 535 parte
534 469 832 536 conjungit.
898 470 1284 538 Conjunctione
1323 469 1433 526 illa,
1470 470 1677 520 laminis

29 550 110 606 his
149 554 645 620 perpendicularibus
686 562 740 605 et
774 571 995 622 corpore
1029 556 1165 604 ossis
1202 553 1508 619 sphenoidei
1548 569 1680 604 con-

29 638 255 696 structa,
299 637 394 686 sub
436 639 596 688 cranii
629 637 855 688 cavitate
888 640 1045 689 altera
1078 640 1248 689 oritur
1273 639 1499 697 cavitaS‚
1537 639 1678 688 illius

32 722 372 789 prolongatio
411 719 716 788 amplificata
745 763 758 781 ,
817 739 971 788 quam
1017 723 1154 773 idem
1197 723 1334 773 ossis
1373 720 1681 788 sphenoidei

31 821 220 872 corpus
253 822 371 855 cum
397 815 538 872 parte
562 807 763 856 basilari
791 809 928 856 ossis
954 807 1195 874 occipitis
1219 807 1431 857 format.
1501 805 1683 855 Altera

32 891 220 941 lamina
262 893 534 958 magisque
577 889 929 942 horizontalis
977 901 1129 958 atque
1168 892 1370 941 interna
1422 905 1542 939 cum
1586 890 1685 940 ob-

28 984 203 1025 stante
240 978 496 1025 convenit
540 992 708 1042 eoque
749 974 909 1026 cranii
954 978 1196 1026 cavitatis
1236 975 1455 1026 fundum
1489 973 1687 1023 format

33 1068 87 1109 et
120 1060 181 1109 ab
210 1059 445 1109 ossiculo
478 1062 698 1125 quodam
728 1060 925 1127 impari,
962 1062 1025 1112 de
1054 1074 1161 1128 quo
1190 1059 1321 1111 infra
1345 1060 1576 1109 dicemus
1606 1059 1685 1125 ¹),

36 1151 387 1203 sustentatur,
437 1153 489 1194 et
533 1160 651 1193 cum
691 1144 772 1194 ala
809 1144 996 1211 majori
1034 1163 1145 1197 sese
1175 1144 1470 1212 conjungit.

124 1226 298 1295 Hujus
344 1227 482 1278 ossis
530 1225 785 1280 foramina
833 1232 963 1282 rami
1007 1244 1295 1282 nervorum
1341 1229 1478 1296 paris
1513 1230 1684 1296 quinti

31 1318 317 1364 transeunt.

130 1395 192 1445 In
225 1395 338 1461 ejus
372 1394 567 1463 pariete
599 1399 801 1449 interna
843 1403 898 1448 et
931 1397 994 1448 ad
1041 1398 1323 1464 marginem
1360 1399 1686 1465 superiorem

33 1477 212 1530 fossae
265 1480 594 1547 reperiuntur
650 1482 808 1541 duae,
873 1499 1090 1550 quarum
1147 1484 1409 1548 posterior
1462 1483 1685 1533 simulac

35 1579 154 1613 cum
203 1578 455 1630 processu
497 1567 653 1632 partis
702 1574 947 1633 petrosae
992 1566 1275 1632 superioris
1325 1567 1689 1632 cartilaginem

33 1664 148 1698 eam
184 1656 426 1715 tegente,
471 1651 662 1699 canalis
695 1652 865 1709 ossei,
908 1666 1040 1716 quae
1073 1651 1301 1700 canalem
1335 1650 1688 1701 semicircula-

36 1742 146 1782 rem
169 1731 560 1786 horizontalem
585 1735 835 1794 includit,
871 1743 1158 1801 aperturam
1177 1736 1446 1796 ffinternam
1474 1736 1694 1785 demon-

35 1825 181 1870 strat.
222 1847 280 1855 —
317 1816 477 1868 Fossa
510 1828 685 1870 autem
721 1820 948 1870 anterior
981 1821 1212 1871 canalem
1256 1820 1693 1870 semicircularem

39 1904 351 1953 anteriorem
388 1904 451 1953 ad
485 1907 645 1955 cranii
679 1905 962 1955 cavitatem
996 1904 1319 1956 transmittit.

137 1986 314 2038 Ambo
347 1985 476 2040 haec
506 2006 631 2041 ossa
677 1991 947 2042 vertebrae
992 1990 1152 2040 cranii
1186 1990 1444 2041 secundae
1476 1987 1697 2040 arcubus

37 2073 370 2139 respondent.

135 2234 220 2284 14.
265 2233 352 2283 15.
430 2220 560 2271 Ossa
595 2220 884 2273 mas-tomen.

137 2324 276 2374 Ossa
309 2325 435 2376 haec
474 2340 751 2392 processus
784 2334 1115 2379 transversos
1146 2326 1416 2377 vertebrae
1439 2325 1698 2381 secundae

38 2401 286 2459 simulant
330 2416 385 2460 et
430 2407 487 2459 in
523 2412 749 2478 partibus
795 2413 1163 2482 condyloideis
1197 2412 1335 2462 ossis
1369 2412 1700 2478 occipitiset

39 2491 94 2541 in
129 2494 354 2559 partibus
391 2497 614 2562 petrosis
646 2494 981 2548 inferioribus
1015 2497 1187 2564 posita
1223 2505 1385 2554 sunt3
1436 2497 1608 2548 antica
1640 2497 1698 2552 in

41 2591 186 2643 parte
212 2587 379 2645 partes
404 2576 539 2630 ossis
563 2587 860 2646 temporum
887 2596 1173 2649 sqamosaS,
1207 2584 1494 2635 introrsum
1512 2588 1699 2636 autem

41 2671 213 2731 partes
244 2673 479 2728 petrosas
512 2667 804 2734 superiores
853 2667 1134 2734 attingunt.
1216 2667 1279 2719 In
1323 2665 1483 2717 cranii
1527 2662 1702 2717 lateri-

46 2745 144 2800 bus
161 2764 290 2801 vere
315 2751 625 2817 conspicuas
646 2751 881 2803 formant
900 2753 1207 2803 eminentias
1233 2751 1480 2819 spinaque
1513 2747 1702 2816 magnfi

44 2841 198 2900 atque
211 2829 361 2885 acuta
379 2842 519 2886 retro
534 2838 777 2889 tendente
795 2838 1078 2890 excellunt.
1112 2837 1272 2904 Supra
1283 2836 1475 2891 horum
1491 2836 1698 2888 ossium

47 2934 269 2986 corpora
287 2919 471 2972 cristae
491 2922 851 2975 extenduntur
868 2939 1050 2975 osseae
1072 2923 1134 2974 ad
1154 2938 1275 2973 ossa
1303 2892 1470 2990 usique
1492 2919 1703 2981 frontiS,

121 3157 175 3213 1)
210 3160 338 3206 Confi
373 3161 428 3207 N.
457 3159 531 3202 {80
