<?xml version="1.0" encoding="UTF-8"?>
<!DOCTYPE html PUBLIC "-//W3C//DTD XHTML 1.0 Transitional//EN"
    "http://www.w3.org/TR/xhtml1/DTD/xhtml1-transitional.dtd">
<html xmlns="http://www.w3.org/1999/xhtml" xml:lang="en" lang="en">
 <head>
  <title>
</title>
<meta http-equiv="Content-Type" content="text/html;charset=utf-8" />
  <meta name='ocr-system' content='tesseract 3.04.00' />
  <meta name='ocr-capabilities' content='ocr_page ocr_carea ocr_par ocr_line ocrx_word'/>
</head>
<body>
  <div class='ocr_page' id='page_1' title='image "./quaedamdehistori00z_0023.png"; bbox 0 0 2064 3706; ppageno 0'>
   <div class='ocr_carea' id='block_1_1' title="bbox 1662 271 1694 328">
    <p class='ocr_par' dir='ltr' id='par_1_1' title="bbox 1662 271 1694 328">
     <span class='ocr_line' id='line_1_1' title="bbox 1662 271 1694 328; baseline 0 0"><span class='ocrx_word' id='word_1_1' title='bbox 1662 271 1694 328; x_wconf 82' lang='lat'><strong>9</strong></span> 
     </span>
    </p>
   </div>
   <div class='ocr_carea' id='block_1_2' title="bbox 63 405 1712 1477">
    <p class='ocr_par' dir='ltr' id='par_1_2' title="bbox 70 405 1702 727">
     <span class='ocr_line' id='line_1_2' title="bbox 72 405 1701 475; baseline 0 -18"><span class='ocrx_word' id='word_1_2' title='bbox 72 408 348 475; x_wconf 79' lang='lat' dir='ltr'>posteriori</span> <span class='ocrx_word' id='word_1_3' title='bbox 379 405 847 473; x_wconf 82' lang='lat' dir='ltr'><strong>perpendicularem</strong></span> <span class='ocrx_word' id='word_1_4' title='bbox 881 408 1084 460; x_wconf 86' lang='lat' dir='ltr'><strong>obtinet</strong></span> <span class='ocrx_word' id='word_1_5' title='bbox 1119 412 1174 460; x_wconf 89' lang='lat' dir='ltr'><strong>et</strong></span> <span class='ocrx_word' id='word_1_6' title='bbox 1199 409 1257 459; x_wconf 85' lang='lat' dir='ltr'><strong>ad</strong></span> <span class='ocrx_word' id='word_1_7' title='bbox 1271 405 1558 473; x_wconf 74' lang='lat' dir='ltr'><strong>marginem</strong></span> <span class='ocrx_word' id='word_1_8' title='bbox 1575 407 1701 460; x_wconf 89' lang='lat' dir='ltr'><strong>ulti-</strong></span> 
     </span>
     <span class='ocr_line' id='line_1_3' title="bbox 70 490 1701 558; baseline -0.002 -14"><span class='ocrx_word' id='word_1_9' title='bbox 70 511 206 544; x_wconf 85' lang='lat' dir='ltr'><strong>mam</strong></span> <span class='ocrx_word' id='word_1_10' title='bbox 234 502 506 557; x_wconf 83' lang='lat' dir='ltr'><strong>segmento</strong></span> <span class='ocrx_word' id='word_1_11' title='bbox 536 492 679 556; x_wconf 86' lang='lat' dir='ltr'>quasi</span> <span class='ocrx_word' id='word_1_12' title='bbox 703 491 881 542; x_wconf 92' lang='lat' dir='ltr'><strong>circuli</strong></span> <span class='ocrx_word' id='word_1_13' title='bbox 918 508 1097 558; x_wconf 90' lang='lat' dir='ltr'><strong>parum</strong></span> <span class='ocrx_word' id='word_1_14' title='bbox 1126 498 1383 542; x_wconf 86' lang='lat' dir='ltr'><strong>excavata</strong></span> <span class='ocrx_word' id='word_1_15' title='bbox 1412 498 1509 541; x_wconf 87' lang='lat' dir='ltr'><strong>est.</strong></span> <span class='ocrx_word' id='word_1_16' title='bbox 1567 490 1701 541; x_wconf 89' lang='lat' dir='ltr'><strong>Cum</strong></span> 
     </span>
     <span class='ocr_line' id='line_1_4' title="bbox 70 573 1702 645; baseline -0.002 -16"><span class='ocrx_word' id='word_1_17' title='bbox 70 580 181 645; x_wconf 89' lang='lat' dir='ltr'><strong>ejus</strong></span> <span class='ocrx_word' id='word_1_18' title='bbox 208 578 332 628; x_wconf 88' lang='lat' dir='ltr'><strong>radii</strong></span> <span class='ocrx_word' id='word_1_19' title='bbox 359 574 630 624; x_wconf 88' lang='lat' dir='ltr'><strong>inferiores</strong></span> <span class='ocrx_word' id='word_1_20' title='bbox 662 582 714 625; x_wconf 91' lang='lat' dir='ltr'><strong>et</strong></span> <span class='ocrx_word' id='word_1_21' title='bbox 735 577 1026 641; x_wconf 88' lang='lat' dir='ltr'><strong>superiores</strong></span> <span class='ocrx_word' id='word_1_22' title='bbox 1061 574 1234 624; x_wconf 87' lang='lat' dir='ltr'><strong>tunica</strong></span> <span class='ocrx_word' id='word_1_23' title='bbox 1258 573 1473 640; x_wconf 84' lang='lat' dir='ltr'><strong>quadam</strong></span> <span class='ocrx_word' id='word_1_24' title='bbox 1494 574 1702 641; x_wconf 87' lang='lat' dir='ltr'><strong>adiposa</strong></span> 
     </span>
     <span class='ocr_line' id='line_1_5' title="bbox 72 658 1659 727; baseline -0.002 -13"><span class='ocrx_word' id='word_1_25' title='bbox 72 670 291 727; x_wconf 85' lang='lat' dir='ltr'><strong>cuteque</strong></span> <span class='ocrx_word' id='word_1_26' title='bbox 317 660 587 719; x_wconf 86' lang='lat' dir='ltr'><strong>velantur,</strong></span> <span class='ocrx_word' id='word_1_27' title='bbox 639 675 822 709; x_wconf 92' lang='lat' dir='ltr'><strong>eorum</strong></span> <span class='ocrx_word' id='word_1_28' title='bbox 849 660 1145 711; x_wconf 88' lang='lat' dir='ltr'><strong>numeratio</strong></span> <span class='ocrx_word' id='word_1_29' title='bbox 1180 658 1444 708; x_wconf 84' lang='lat' dir='ltr'><strong>difficilior</strong></span> <span class='ocrx_word' id='word_1_30' title='bbox 1473 666 1568 712; x_wconf 80' lang='lat' dir='ltr'><strong>est.</strong></span> <span class='ocrx_word' id='word_1_31' title='bbox 1594 689 1659 700; x_wconf 89' lang='lat'>—</span> 
     </span>
    </p>

    <p class='ocr_par' dir='ltr' id='par_1_3' title="bbox 68 742 1706 980">
     <span class='ocr_line' id='line_1_6' title="bbox 159 742 1698 810; baseline -0.003 -15"><span class='ocrx_word' id='word_1_32' title='bbox 159 746 461 803; x_wconf 88' lang='lat' dir='ltr'><strong>Blochium,</strong></span> <span class='ocrx_word' id='word_1_33' title='bbox 497 746 584 810; x_wconf 92' lang='lat' dir='ltr'><strong>qui</strong></span> <span class='ocrx_word' id='word_1_34' title='bbox 609 759 790 795; x_wconf 89' lang='lat' dir='ltr'><strong>eorum</strong></span> <span class='ocrx_word' id='word_1_35' title='bbox 821 745 1119 796; x_wconf 85' lang='lat' dir='ltr'><strong>octodecim</strong></span> <span class='ocrx_word' id='word_1_36' title='bbox 1150 742 1475 803; x_wconf 85' lang='lat' dir='ltr'><strong>numer-avit,</strong></span> <span class='ocrx_word' id='word_1_37' title='bbox 1520 757 1698 802; x_wconf 88' lang='lat' dir='ltr'><strong>errare,</strong></span> 
     </span>
     <span class='ocr_line' id='line_1_7' title="bbox 69 814 1706 899; baseline -0.002 -19"><span class='ocrx_word' id='word_1_38' title='bbox 69 830 207 880; x_wconf 84' lang='lat' dir='ltr'><strong>haud</strong></span> <span class='ocrx_word' id='word_1_39' title='bbox 241 831 440 888; x_wconf 74' lang='lat' dir='ltr'><strong>dubim,</strong></span> <span class='ocrx_word' id='word_1_40' title='bbox 475 814 591 899; x_wconf 86' lang='lat' dir='ltr'><strong>quia</strong></span> <span class='ocrx_word' id='word_1_41' title='bbox 627 829 682 893; x_wconf 80' lang='lat' dir='ltr'><strong>in</strong></span> <span class='ocrx_word' id='word_1_42' title='bbox 705 831 868 880; x_wconf 87' lang='lat' dir='ltr'><strong>variis</strong></span> <span class='ocrx_word' id='word_1_43' title='bbox 899 829 1130 880; x_wconf 85' lang='lat' dir='ltr'><strong>Farionis</strong></span> <span class='ocrx_word' id='word_1_44' title='bbox 1157 827 1361 877; x_wconf 88' lang='lat' dir='ltr'><strong>sceletis</strong></span> <span class='ocrx_word' id='word_1_45' title='bbox 1381 867 1393 885; x_wconf 92' lang='lat'>‚</span> <span class='ocrx_word' id='word_1_46' title='bbox 1427 827 1706 893; x_wconf 86' lang='lat' dir='ltr'><strong>exemplis-</strong></span> 
     </span>
     <span class='ocr_line' id='line_1_8' title="bbox 68 911 1463 980; baseline -0.001 -17"><span class='ocrx_word' id='word_1_47' title='bbox 68 930 167 980; x_wconf 88' lang='lat' dir='ltr'><strong>que</strong></span> <span class='ocrx_word' id='word_1_48' title='bbox 201 914 255 963; x_wconf 90' lang='lat' dir='ltr'><strong>in</strong></span> <span class='ocrx_word' id='word_1_49' title='bbox 287 914 398 963; x_wconf 84' lang='lat' dir='ltr'><strong>aliis</strong></span> <span class='ocrx_word' id='word_1_50' title='bbox 427 916 487 964; x_wconf 88' lang='lat' dir='ltr'><strong>ad</strong></span> <span class='ocrx_word' id='word_1_51' title='bbox 512 912 701 979; x_wconf 83' lang='lat' dir='ltr'><strong>viginti</strong></span> <span class='ocrx_word' id='word_1_52' title='bbox 722 920 847 964; x_wconf 87' lang='lat' dir='ltr'><strong>octo</strong></span> <span class='ocrx_word' id='word_1_53' title='bbox 881 929 1044 978; x_wconf 86' lang='lat' dir='ltr'><strong>usque</strong></span> <span class='ocrx_word' id='word_1_54' title='bbox 1075 912 1245 962; x_wconf 91' lang='lat' dir='ltr'><strong>radios</strong></span> <span class='ocrx_word' id='word_1_55' title='bbox 1279 911 1463 978; x_wconf 87' lang='lat' dir='ltr'><strong>reperi.</strong></span> 
     </span>
    </p>

    <p class='ocr_par' dir='ltr' id='par_1_4' title="bbox 63 997 1712 1477">
     <span class='ocr_line' id='line_1_9' title="bbox 164 997 1709 1064; baseline -0.003 -15"><span class='ocrx_word' id='word_1_56' title='bbox 164 999 349 1050; x_wconf 83' lang='lat' dir='ltr'><strong>Mucus</strong></span> <span class='ocrx_word' id='word_1_57' title='bbox 383 999 484 1057; x_wconf 87' lang='lat' dir='ltr'><strong>ille,</strong></span> <span class='ocrx_word' id='word_1_58' title='bbox 520 998 605 1063; x_wconf 82' lang='lat' dir='ltr'><strong>qui</strong></span> <span class='ocrx_word' id='word_1_59' title='bbox 640 997 798 1064; x_wconf 89' lang='lat' dir='ltr'><strong>piscis</strong></span> <span class='ocrx_word' id='word_1_60' title='bbox 823 998 984 1048; x_wconf 83' lang='lat' dir='ltr'><strong>nostri</strong></span> <span class='ocrx_word' id='word_1_61' title='bbox 1014 1012 1203 1064; x_wconf 90' lang='lat' dir='ltr'><strong>corpus</strong></span> <span class='ocrx_word' id='word_1_62' title='bbox 1228 1004 1445 1045; x_wconf 81' lang='lat' dir='ltr'><strong>externe</strong></span> <span class='ocrx_word' id='word_1_63' title='bbox 1468 997 1625 1061; x_wconf 80' lang='lat' dir='ltr'><strong>ungit</strong></span> <span class='ocrx_word' id='word_1_64' title='bbox 1656 1001 1709 1045; x_wconf 85' lang='lat' dir='ltr'><strong>et</strong></span> 
     </span>
     <span class='ocr_line' id='line_1_10' title="bbox 68 1079 1711 1146; baseline -0.002 -15"><span class='ocrx_word' id='word_1_65' title='bbox 68 1082 301 1141; x_wconf 83' lang='lat' dir='ltr'><strong>lubricat,</strong></span> <span class='ocrx_word' id='word_1_66' title='bbox 340 1098 446 1133; x_wconf 91' lang='lat' dir='ltr'><strong>non</strong></span> <span class='ocrx_word' id='word_1_67' title='bbox 468 1091 666 1132; x_wconf 90' lang='lat' dir='ltr'><strong>tantum</strong></span> <span class='ocrx_word' id='word_1_68' title='bbox 704 1099 772 1132; x_wconf 84' lang='lat' dir='ltr'><strong>ex</strong></span> <span class='ocrx_word' id='word_1_69' title='bbox 792 1082 974 1146; x_wconf 82' lang='lat' dir='ltr'><strong>capitis</strong></span> <span class='ocrx_word' id='word_1_70' title='bbox 999 1081 1324 1133; x_wconf 76' lang='lat' dir='ltr'><strong>foraminulrs</strong></span> <span class='ocrx_word' id='word_1_71' title='bbox 1365 1087 1417 1131; x_wconf 91' lang='lat' dir='ltr'><strong>et</strong></span> <span class='ocrx_word' id='word_1_72' title='bbox 1445 1096 1513 1130; x_wconf 87' lang='lat' dir='ltr'><strong>ex</strong></span> <span class='ocrx_word' id='word_1_73' title='bbox 1543 1079 1711 1129; x_wconf 91' lang='lat' dir='ltr'><strong>ducti-</strong></span> 
     </span>
     <span class='ocr_line' id='line_1_11' title="bbox 70 1163 1712 1232; baseline -0.002 -16"><span class='ocrx_word' id='word_1_74' title='bbox 70 1168 164 1217; x_wconf 89' lang='lat' dir='ltr'><strong>bus</strong></span> <span class='ocrx_word' id='word_1_75' title='bbox 193 1182 518 1232; x_wconf 85' lang='lat' dir='ltr'><strong>squamarum</strong></span> <span class='ocrx_word' id='word_1_76' title='bbox 557 1164 741 1216; x_wconf 89' lang='lat' dir='ltr'><strong>lineam</strong></span> <span class='ocrx_word' id='word_1_77' title='bbox 774 1167 1036 1216; x_wconf 86' lang='lat' dir='ltr'><strong>lateralem</strong></span> <span class='ocrx_word' id='word_1_78' title='bbox 1070 1168 1501 1217; x_wconf 87' lang='lat' dir='ltr'><strong>constituentium</strong></span> <span class='ocrx_word' id='word_1_79' title='bbox 1538 1163 1712 1231; x_wconf 87' lang='lat' dir='ltr'><strong>(quod</strong></span> 
     </span>
     <span class='ocr_line' id='line_1_12' title="bbox 63 1247 1700 1319; baseline -0.003 -18"><span class='ocrx_word' id='word_1_80' title='bbox 63 1251 376 1317; x_wconf 85' lang='lat' dir='ltr'><strong>injectiones</strong></span> <span class='ocrx_word' id='word_1_81' title='bbox 410 1249 739 1318; x_wconf 77' lang='lat' dir='ltr'><strong>hydrargyro</strong></span> <span class='ocrx_word' id='word_1_82' title='bbox 773 1251 1045 1302; x_wconf 89' lang='lat' dir='ltr'><strong>institutae</strong></span> <span class='ocrx_word' id='word_1_83' title='bbox 1076 1252 1330 1319; x_wconf 87' lang='lat' dir='ltr'><strong>praeclare</strong></span> <span class='ocrx_word' id='word_1_84' title='bbox 1360 1247 1700 1311; x_wconf 85' lang='lat' dir='ltr'><strong>docuerunt),</strong></span> 
     </span>
     <span class='ocr_line' id='line_1_13' title="bbox 70 1331 1707 1402; baseline -0.002 -18"><span class='ocrx_word' id='word_1_85' title='bbox 70 1335 160 1385; x_wconf 90' lang='lat' dir='ltr'><strong>sed</strong></span> <span class='ocrx_word' id='word_1_86' title='bbox 192 1352 261 1385; x_wconf 85' lang='lat' dir='ltr'><strong>ex</strong></span> <span class='ocrx_word' id='word_1_87' title='bbox 291 1335 403 1384; x_wconf 88' lang='lat' dir='ltr'><strong>aliis</strong></span> <span class='ocrx_word' id='word_1_88' title='bbox 445 1350 653 1400; x_wconf 88' lang='lat' dir='ltr'><strong>quoque</strong></span> <span class='ocrx_word' id='word_1_89' title='bbox 691 1336 926 1402; x_wconf 90' lang='lat' dir='ltr'><strong>corporis</strong></span> <span class='ocrx_word' id='word_1_90' title='bbox 962 1336 1102 1402; x_wconf 83' lang='lat' dir='ltr'><strong>poris</strong></span> <span class='ocrx_word' id='word_1_91' title='bbox 1136 1344 1190 1388; x_wconf 90' lang='lat' dir='ltr'><strong>et</strong></span> <span class='ocrx_word' id='word_1_92' title='bbox 1219 1337 1359 1392; x_wconf 79' lang='lat' dir='ltr'><strong>vasis</strong></span> <span class='ocrx_word' id='word_1_93' title='bbox 1396 1331 1707 1385; x_wconf 82' lang='lat' dir='ltr'><strong>excretoriis</strong></span> 
     </span>
     <span class='ocr_line' id='line_1_14' title="bbox 74 1419 851 1477; baseline 0.001 -8"><span class='ocrx_word' id='word_1_94' title='bbox 74 1420 275 1477; x_wconf 76' lang='lat' dir='ltr'><strong>secerni</strong></span> <span class='ocrx_word' id='word_1_95' title='bbox 307 1419 535 1471; x_wconf 82' lang='lat' dir='ltr'><strong>videtur.</strong></span> <span class='ocrx_word' id='word_1_96' title='bbox 830 1434 851 1460; x_wconf 54' lang='lat' dir='ltr'><em>a</em></span> 
     </span>
    </p>
   </div>
   <div class='ocr_carea' id='block_1_3' title="bbox 762 1510 1039 1520">
    <p class='ocr_par' dir='ltr' id='par_1_5' title="bbox 762 1510 1039 1520">
     <span class='ocr_line' id='line_1_15' title="bbox 762 1510 1039 1520; baseline 0 2186"><span class='ocrx_word' id='word_1_97' title='bbox 762 1510 1039 1520; x_wconf 95' lang='lat' dir='ltr'><strong> </strong></span> 
     </span>
    </p>
   </div>
   <div class='ocr_carea' id='block_1_4' title="bbox 65 1613 1709 1854">
    <p class='ocr_par' dir='ltr' id='par_1_6' title="bbox 65 1613 1709 1854">
     <span class='ocr_line' id='line_1_16' title="bbox 172 1613 1709 1676; baseline -0.004 -7"><span class='ocrx_word' id='word_1_98' title='bbox 172 1616 454 1673; x_wconf 75' lang='lat' dir='ltr'><strong>Varietates</strong></span> <span class='ocrx_word' id='word_1_99' title='bbox 499 1618 751 1676; x_wconf 66' lang='lat' dir='ltr'><strong>Salmonis</strong></span> <span class='ocrx_word' id='word_1_100' title='bbox 783 1619 1036 1673; x_wconf 71' lang='lat' dir='ltr'><strong>ParioniS.</strong></span> <span class='ocrx_word' id='word_1_101' title='bbox 1113 1615 1341 1668; x_wconf 82' lang='lat' dir='ltr'><strong>Succow</strong></span> <span class='ocrx_word' id='word_1_102' title='bbox 1373 1619 1418 1673; x_wconf 88' lang='lat'><strong>¹)</strong></span> <span class='ocrx_word' id='word_1_103' title='bbox 1473 1613 1709 1669; x_wconf 86' lang='lat' dir='ltr'><strong>Farionis</strong></span> 
     </span>
     <span class='ocr_line' id='line_1_17' title="bbox 65 1700 1709 1767; baseline -0.003 -15"><span class='ocrx_word' id='word_1_104' title='bbox 65 1702 235 1752; x_wconf 86' lang='lat' dir='ltr'><strong>nostri</strong></span> <span class='ocrx_word' id='word_1_105' title='bbox 285 1709 558 1767; x_wconf 88' lang='lat' dir='ltr'><strong>sequentes</strong></span> <span class='ocrx_word' id='word_1_106' title='bbox 606 1702 806 1767; x_wconf 86' lang='lat' dir='ltr'><strong>profert</strong></span> <span class='ocrx_word' id='word_1_107' title='bbox 860 1702 1171 1762; x_wconf 83' lang='lat' dir='ltr'><strong>varietateS,</strong></span> <span class='ocrx_word' id='word_1_108' title='bbox 1239 1715 1455 1767; x_wconf 85' lang='lat' dir='ltr'><strong>quarum</strong></span> <span class='ocrx_word' id='word_1_109' title='bbox 1488 1700 1709 1767; x_wconf 86' lang='lat' dir='ltr'><strong>primam</strong></span> 
     </span>
     <span class='ocr_line' id='line_1_18' title="bbox 66 1785 1238 1854; baseline -0.002 -16"><span class='ocrx_word' id='word_1_110' title='bbox 66 1794 268 1854; x_wconf 84' lang='lat' dir='ltr'><strong>tantum</strong></span> <span class='ocrx_word' id='word_1_111' title='bbox 296 1787 351 1847; x_wconf 82' lang='lat' dir='ltr'><strong>in</strong></span> <span class='ocrx_word' id='word_1_112' title='bbox 377 1794 558 1836; x_wconf 87' lang='lat' dir='ltr'><strong>natura</strong></span> <span class='ocrx_word' id='word_1_113' title='bbox 584 1802 879 1853; x_wconf 85' lang='lat' dir='ltr'><strong>comparare</strong></span> <span class='ocrx_word' id='word_1_114' title='bbox 912 1785 1040 1835; x_wconf 89' lang='lat' dir='ltr'><strong>mihi</strong></span> <span class='ocrx_word' id='word_1_115' title='bbox 1073 1786 1238 1836; x_wconf 88' lang='lat' dir='ltr'><strong>licuit.</strong></span> 
     </span>
    </p>
   </div>
   <div class='ocr_carea' id='block_1_5' title="bbox 62 1873 1705 2720">
    <p class='ocr_par' dir='ltr' id='par_1_7' title="bbox 145 1873 1705 2382">
     <span class='ocr_line' id='line_1_19' title="bbox 145 1873 1701 1958; baseline -0.001 -18"><span class='ocrx_word' id='word_1_116' title='bbox 145 1873 212 1951; x_wconf 74' lang='grc' dir='ltr'><strong>β.</strong></span> <span class='ocrx_word' id='word_1_117' title='bbox 263 1889 436 1952; x_wconf 63' lang='lat' dir='ltr'><strong>Sulmo</strong></span> <span class='ocrx_word' id='word_1_118' title='bbox 467 1890 620 1945; x_wconf 66' lang='lat' dir='ltr'><strong>Faria</strong></span> <span class='ocrx_word' id='word_1_119' title='bbox 659 1893 930 1958; x_wconf 64' lang='lat' dir='ltr'><strong>sylvaticas</strong></span> <span class='ocrx_word' id='word_1_120' title='bbox 965 1891 1026 1944; x_wconf 91' lang='lat' dir='ltr'><strong>L.</strong></span> <span class='ocrx_word' id='word_1_121' title='bbox 1098 1891 1153 1944; x_wconf 90' lang='lat' dir='ltr'><strong>S.</strong></span> <span class='ocrx_word' id='word_1_122' title='bbox 1181 1891 1422 1955; x_wconf 60' lang='lat' dir='ltr'><strong>saxatilis</strong></span> <span class='ocrx_word' id='word_1_123' title='bbox 1464 1887 1597 1946; x_wconf 56' lang='lat' dir='ltr'><strong>oren</strong></span> <span class='ocrx_word' id='word_1_124' title='bbox 1623 1889 1701 1949; x_wconf 82' lang='lat'><strong>²),</strong></span> 
     </span>
     <span class='ocr_line' id='line_1_20' title="bbox 255 1972 1705 2035; baseline -0.004 -8"><span class='ocrx_word' id='word_1_125' title='bbox 255 1976 429 2027; x_wconf 88' lang='lat' dir='ltr'><strong>Germ.</strong></span> <span class='ocrx_word' id='word_1_126' title='bbox 495 1977 709 2028; x_wconf 89' lang='lat' dir='ltr'><strong>brauner</strong></span> <span class='ocrx_word' id='word_1_127' title='bbox 731 1976 779 2026; x_wconf 87' lang='lat' dir='ltr'><strong>T</strong></span> <span class='ocrx_word' id='word_1_128' title='bbox 781 1976 1304 2035; x_wconf 78' lang='lat' dir='ltr'><strong>eichforellen-Salm</strong></span> <span class='ocrx_word' id='word_1_129' title='bbox 1327 2011 1341 2035; x_wconf 95' lang='lat'>‚</span> <span class='ocrx_word' id='word_1_130' title='bbox 1404 1973 1487 2023; x_wconf 84' lang='lat' dir='ltr'><strong>die</strong></span> <span class='ocrx_word' id='word_1_131' title='bbox 1522 1972 1705 2025; x_wconf 89' lang='lat' dir='ltr'><strong>Wald-</strong></span> 
     </span>
     <span class='ocr_line' id='line_1_21' title="bbox 503 2058 1702 2126; baseline 0 -17"><span class='ocrx_word' id='word_1_132' title='bbox 503 2061 631 2111; x_wconf 91' lang='lat' dir='ltr'><strong>oder</strong></span> <span class='ocrx_word' id='word_1_133' title='bbox 672 2058 1098 2122; x_wconf 80' lang='lat' dir='ltr'><strong>Stein-Forelle.</strong></span> <span class='ocrx_word' id='word_1_134' title='bbox 1192 2060 1358 2113; x_wconf 86' lang='lat' dir='ltr'><strong>Bloch</strong></span> <span class='ocrx_word' id='word_1_135' title='bbox 1391 2061 1446 2126; x_wconf 83' lang='lat'><strong>³)</strong></span> <span class='ocrx_word' id='word_1_136' title='bbox 1506 2059 1550 2113; x_wconf 86' lang='lat'><strong>1.</strong></span> <span class='ocrx_word' id='word_1_137' title='bbox 1593 2061 1702 2115; x_wconf 84' lang='lat'><strong>157.</strong></span> 
     </span>
     <span class='ocr_line' id='line_1_22' title="bbox 503 2146 743 2212; baseline -0.013 -14"><span class='ocrx_word' id='word_1_138' title='bbox 503 2147 552 2198; x_wconf 85' lang='lat' dir='ltr'>T</span> <span class='ocrx_word' id='word_1_139' title='bbox 555 2146 633 2206; x_wconf 77' lang='lat' dir='ltr'><strong>ab.</strong></span> <span class='ocrx_word' id='word_1_140' title='bbox 666 2149 743 2212; x_wconf 82' lang='lat'><strong>23.</strong></span> 
     </span>
     <span class='ocr_line' id='line_1_23' title="bbox 255 2228 1702 2296; baseline -0.002 -12"><span class='ocrx_word' id='word_1_141' title='bbox 255 2232 384 2285; x_wconf 83' lang='lat' dir='ltr'><strong>Gall.</strong></span> <span class='ocrx_word' id='word_1_142' title='bbox 451 2231 523 2282; x_wconf 91' lang='lat' dir='ltr'><strong>La</strong></span> <span class='ocrx_word' id='word_1_143' title='bbox 557 2231 720 2281; x_wconf 89' lang='lat' dir='ltr'><strong>truite</strong></span> <span class='ocrx_word' id='word_1_144' title='bbox 753 2232 927 2283; x_wconf 90' lang='lat' dir='ltr'><strong>brune.</strong></span> <span class='ocrx_word' id='word_1_145' title='bbox 991 2228 1308 2286; x_wconf 80' lang='lat' dir='ltr'><strong>Bonnaterre</strong></span> <span class='ocrx_word' id='word_1_146' title='bbox 1331 2235 1386 2296; x_wconf 76' lang='lat'><strong>⁴)</strong></span> <span class='ocrx_word' id='word_1_147' title='bbox 1424 2231 1534 2289; x_wconf 84' lang='lat'><strong>160.</strong></span> <span class='ocrx_word' id='word_1_148' title='bbox 1570 2246 1605 2281; x_wconf 92' lang='lat' dir='ltr'><strong>n</strong></span> <span class='ocrx_word' id='word_1_149' title='bbox 1653 2230 1702 2287; x_wconf 82' lang='lat'><strong>7.</strong></span> 
     </span>
     <span class='ocr_line' id='line_1_24' title="bbox 456 2314 891 2382; baseline 0.007 -16"><span class='ocrx_word' id='word_1_150' title='bbox 456 2315 529 2367; x_wconf 79' lang='lat' dir='ltr'><strong>Pl’.</strong></span> <span class='ocrx_word' id='word_1_151' title='bbox 553 2315 630 2372; x_wconf 80' lang='grc'><strong>66.</strong></span> <span class='ocrx_word' id='word_1_152' title='bbox 664 2314 754 2382; x_wconf 79' lang='lat' dir='ltr'><strong>fig.</strong></span> <span class='ocrx_word' id='word_1_153' title='bbox 780 2318 891 2372; x_wconf 82' lang='lat'><strong>267.</strong></span> 
     </span>
    </p>

    <p class='ocr_par' dir='ltr' id='par_1_8' title="bbox 62 2409 1704 2720">
     <span class='ocr_line' id='line_1_25' title="bbox 169 2409 1704 2480; baseline -0.001 -19"><span class='ocrx_word' id='word_1_154' title='bbox 169 2410 222 2461; x_wconf 86' lang='lat' dir='ltr'><strong>S.</strong></span> <span class='ocrx_word' id='word_1_155' title='bbox 261 2411 312 2462; x_wconf 78' lang='lat' dir='ltr'><strong>F.</strong></span> <span class='ocrx_word' id='word_1_156' title='bbox 382 2410 599 2461; x_wconf 88' lang='lat' dir='ltr'><strong>maculis</strong></span> <span class='ocrx_word' id='word_1_157' title='bbox 651 2411 790 2460; x_wconf 89' lang='lat' dir='ltr'><strong>dorsi</strong></span> <span class='ocrx_word' id='word_1_158' title='bbox 838 2409 937 2461; x_wconf 86' lang='lat' dir='ltr'><strong>rufi</strong></span> <span class='ocrx_word' id='word_1_159' title='bbox 993 2411 1316 2480; x_wconf 89' lang='lat' dir='ltr'><strong>laterumque</strong></span> <span class='ocrx_word' id='word_1_160' title='bbox 1373 2412 1704 2477; x_wconf 86' lang='lat' dir='ltr'><strong>superiorum</strong></span> 
     </span>
     <span class='ocr_line' id='line_1_26' title="bbox 62 2495 1701 2560; baseline -0.001 -13"><span class='ocrx_word' id='word_1_161' title='bbox 62 2496 345 2560; x_wconf 67' lang='lat' dir='ltr'><strong>violaceiS,</strong></span> <span class='ocrx_word' id='word_1_162' title='bbox 379 2497 597 2549; x_wconf 91' lang='lat' dir='ltr'><strong>laterum</strong></span> <span class='ocrx_word' id='word_1_163' title='bbox 624 2495 926 2559; x_wconf 84' lang='lat' dir='ltr'><strong>inferiorum</strong></span> <span class='ocrx_word' id='word_1_164' title='bbox 954 2498 1143 2553; x_wconf 87' lang='lat' dir='ltr'><strong>rubris,</strong></span> <span class='ocrx_word' id='word_1_165' title='bbox 1178 2497 1398 2547; x_wconf 87' lang='lat' dir='ltr'><strong>arcubus</strong></span> <span class='ocrx_word' id='word_1_166' title='bbox 1430 2498 1558 2548; x_wconf 91' lang='lat' dir='ltr'><strong>albis</strong></span> <span class='ocrx_word' id='word_1_167' title='bbox 1592 2497 1701 2546; x_wconf 85' lang='lat' dir='ltr'><strong>cin-</strong></span> 
     </span>
     <span class='ocr_line' id='line_1_27' title="bbox 64 2580 1704 2649; baseline -0.003 -16"><span class='ocrx_word' id='word_1_168' title='bbox 64 2583 160 2634; x_wconf 92' lang='lat' dir='ltr'><strong>ctis</strong></span> <span class='ocrx_word' id='word_1_169' title='bbox 183 2617 198 2644; x_wconf 91' lang='lat'>‚</span> <span class='ocrx_word' id='word_1_170' title='bbox 241 2581 451 2649; x_wconf 62' lang='lat' dir='ltr'><strong>maxilla</strong></span> <span class='ocrx_word' id='word_1_171' title='bbox 484 2583 735 2647; x_wconf 87' lang='lat' dir='ltr'><strong>superiori</strong></span> <span class='ocrx_word' id='word_1_172' title='bbox 760 2610 818 2631; x_wconf 89' lang='lat'><strong>-.·</strong></span> <span class='ocrx_word' id='word_1_173' title='bbox 853 2598 944 2647; x_wconf 84' lang='lat' dir='ltr'><strong>ore</strong></span> <span class='ocrx_word' id='word_1_174' title='bbox 973 2583 1155 2643; x_wconf 82' lang='lat' dir='ltr'><strong>clauso</strong></span> <span class='ocrx_word' id='word_1_175' title='bbox 1181 2609 1239 2621; x_wconf 92' lang='lat'><em>-</em></span> <span class='ocrx_word' id='word_1_176' title='bbox 1273 2580 1576 2636; x_wconf 87' lang='lat' dir='ltr'><strong>inferiorem</strong></span> <span class='ocrx_word' id='word_1_177' title='bbox 1606 2595 1704 2638; x_wconf 51' lang='lat' dir='ltr'><strong>exa·</strong></span> 
     </span>
     <span class='ocr_line' id='line_1_28' title="bbox 65 2666 293 2720; baseline 0.004 -1"><span class='ocrx_word' id='word_1_178' title='bbox 65 2666 293 2720; x_wconf 90' lang='lat' dir='ltr'><strong>cedente.</strong></span> 
     </span>
    </p>
   </div>
   <div class='ocr_carea' id='block_1_6' title="bbox 70 2799 415 2812">
    <p class='ocr_par' dir='ltr' id='par_1_9' title="bbox 70 2799 415 2812">
     <span class='ocr_line' id='line_1_29' title="bbox 70 2799 415 2812; baseline 0 894"><span class='ocrx_word' id='word_1_179' title='bbox 70 2799 415 2812; x_wconf 95' lang='lat' dir='ltr'><strong> </strong></span> 
     </span>
    </p>
   </div>
   <div class='ocr_carea' id='block_1_7' title="bbox 129 2866 1707 3266">
    <p class='ocr_par' dir='ltr' id='par_1_10' title="bbox 135 2866 314 2920">
     <span class='ocr_line' id='line_1_30' title="bbox 135 2866 314 2920; baseline 0.017 -9"><span class='ocrx_word' id='word_1_180' title='bbox 135 2866 187 2920; x_wconf 83' lang='lat'><strong>1)</strong></span> <span class='ocrx_word' id='word_1_181' title='bbox 222 2871 252 2914; x_wconf 85' lang='lat' dir='ltr'><strong>l.</strong></span> <span class='ocrx_word' id='word_1_182' title='bbox 275 2884 314 2914; x_wconf 87' lang='lat' dir='ltr'><strong>c.</strong></span> 
     </span>
    </p>

    <p class='ocr_par' dir='ltr' id='par_1_11' title="bbox 131 2951 1249 3015">
     <span class='ocr_line' id='line_1_31' title="bbox 131 2951 1249 3015; baseline 0.003 -20"><span class='ocrx_word' id='word_1_183' title='bbox 131 2952 188 3004; x_wconf 79' lang='lat'><strong>2)</strong></span> <span class='ocrx_word' id='word_1_184' title='bbox 225 2956 445 2999; x_wconf 84' lang='lat' dir='ltr'><strong>Lehrbuch</strong></span> <span class='ocrx_word' id='word_1_185' title='bbox 480 2955 557 3000; x_wconf 89' lang='lat' dir='ltr'><strong>der</strong></span> <span class='ocrx_word' id='word_1_186' title='bbox 585 2956 803 3012; x_wconf 82' lang='lat' dir='ltr'><strong>Zoologie‚</strong></span> <span class='ocrx_word' id='word_1_187' title='bbox 838 2959 911 3003; x_wconf 77' lang='lat' dir='ltr'><strong>2te</strong></span> <span class='ocrx_word' id='word_1_188' title='bbox 928 2957 1063 3006; x_wconf 80' lang='lat' dir='ltr'><strong>Abth.</strong></span> <span class='ocrx_word' id='word_1_189' title='bbox 1102 2972 1144 3015; x_wconf 85' lang='lat' dir='ltr'><strong>p.</strong></span> <span class='ocrx_word' id='word_1_190' title='bbox 1171 2951 1249 3008; x_wconf 71' lang='lat'><strong>96‚</strong></span> 
     </span>
    </p>

    <p class='ocr_par' dir='ltr' id='par_1_12' title="bbox 129 3040 312 3093">
     <span class='ocr_line' id='line_1_32' title="bbox 129 3040 312 3093; baseline 0.011 -11"><span class='ocrx_word' id='word_1_191' title='bbox 129 3040 181 3093; x_wconf 85' lang='lat'><strong>3)</strong></span> <span class='ocrx_word' id='word_1_192' title='bbox 218 3042 249 3083; x_wconf 92' lang='lat' dir='ltr'><strong>l.</strong></span> <span class='ocrx_word' id='word_1_193' title='bbox 274 3053 312 3084; x_wconf 88' lang='lat' dir='ltr'><strong>c.</strong></span> 
     </span>
    </p>

    <p class='ocr_par' dir='ltr' id='par_1_13' title="bbox 132 3120 1707 3266">
     <span class='ocr_line' id='line_1_33' title="bbox 132 3120 1707 3183; baseline -0.003 -16"><span class='ocrx_word' id='word_1_194' title='bbox 132 3120 184 3178; x_wconf 52' lang='grc' dir='ltr'><strong>ξ)</strong></span> <span class='ocrx_word' id='word_1_195' title='bbox 215 3125 402 3183; x_wconf 76' lang='lat' dir='ltr'><strong>Tableau</strong></span> <span class='ocrx_word' id='word_1_196' title='bbox 433 3127 737 3183; x_wconf 85' lang='lat' dir='ltr'><strong>encyclopaed.</strong></span> <span class='ocrx_word' id='word_1_197' title='bbox 763 3136 805 3171; x_wconf 88' lang='lat' dir='ltr'><strong>et</strong></span> <span class='ocrx_word' id='word_1_198' title='bbox 829 3125 1063 3183; x_wconf 82' lang='lat' dir='ltr'><strong>methodiq.</strong></span> <span class='ocrx_word' id='word_1_199' title='bbox 1085 3126 1163 3170; x_wconf 89' lang='lat' dir='ltr'><strong>des</strong></span> <span class='ocrx_word' id='word_1_200' title='bbox 1178 3127 1286 3171; x_wconf 84' lang='lat' dir='ltr'><strong>trois</strong></span> <span class='ocrx_word' id='word_1_201' title='bbox 1301 3126 1460 3179; x_wconf 68' lang='lat' dir='ltr'><strong>regnes</strong></span> <span class='ocrx_word' id='word_1_202' title='bbox 1478 3122 1529 3174; x_wconf 83' lang='lat' dir='ltr'><strong>de</strong></span> <span class='ocrx_word' id='word_1_203' title='bbox 1552 3122 1591 3164; x_wconf 89' lang='lat' dir='ltr'><strong>la</strong></span> <span class='ocrx_word' id='word_1_204' title='bbox 1619 3127 1707 3163; x_wconf 82' lang='lat' dir='ltr'><strong>nat.</strong></span> 
     </span>
     <span class='ocr_line' id='line_1_34' title="bbox 198 3201 1707 3266; baseline 0.002 -13"><span class='ocrx_word' id='word_1_205' title='bbox 198 3210 508 3266; x_wconf 72' lang='lat' dir='ltr'><strong>Ichthyologie.</strong></span> <span class='ocrx_word' id='word_1_206' title='bbox 546 3211 666 3258; x_wconf 79' lang='lat' dir='ltr'><strong>Paris</strong></span> <span class='ocrx_word' id='word_1_207' title='bbox 688 3212 824 3259; x_wconf 67' lang='lat'><strong>1788.</strong></span> <span class='ocrx_word' id='word_1_208' title='bbox 856 3206 900 3261; x_wconf 81' lang='grc'><strong>4.</strong></span> <span class='ocrx_word' id='word_1_209' title='bbox 937 3212 1031 3263; x_wconf 54' lang='lat' dir='ltr'><strong>as.</strong></span> <span class='ocrx_word' id='word_1_210' title='bbox 1060 3211 1168 3257; x_wconf 86' lang='lat'>160.</span> <span class='ocrx_word' id='word_1_211' title='bbox 1193 3204 1484 3258; x_wconf 76' lang='lat' dir='ltr'><strong>n.7.P1.66.</strong></span> <span class='ocrx_word' id='word_1_212' title='bbox 1507 3201 1707 3263; x_wconf 78' lang='lat' dir='ltr'><strong>fig.267-</strong></span> 
     </span>
    </p>
   </div>
  </div>
 </body>
</html>
