2064 3706
1593 270 1662 326 61

233 408 499 460 Processus
527 409 843 477 pterygoidei

46 501 99 544 et
131 493 336 559 quidem

235 576 494 628 processus
522 576 875 643 pterygoideus
907 585 1142 627 externus

234 664 325 721 (Os
357 667 674 723 zygomaticum
707 669 916 711 anterius.
974 667 1099 724 ssoj.)

47 763 236 814 Radius
269 781 451 814 osseus
484 771 562 814 est
595 767 881 833 tenuisque,
925 767 1012 831 qui
1046 765 1106 816 ab
1132 765 1266 815 ossis
1300 767 1507 833 palatini
1544 778 1675 817 mar-

45 849 167 911 gine
199 849 471 912 posteriori
511 861 659 899 ortus
694 849 753 898 ad
791 851 926 900 ossis
958 850 1188 917 quadrati
1221 849 1448 902 infimam
1483 860 1677 918 partem

44 947 102 981 se
140 932 357 982 acclinat
391 932 605 998 eJ‘usque
636 934 919 998 marginem
960 933 1153 995 recipit.
1223 935 1398 998 ltaque
1435 934 1679 1000 marginis

6 1082 10 1088 ,
47 1017 184 1066 ossis
208 1015 417 1082 palatini
442 1017 674 1067 dentatae
697 1017 1156 1082 prolongationem
1179 1017 1388 1080 format,
1422 1021 1531 1086 ipse
1548 1033 1679 1069 vero

43 1099 319 1150 edentulus
354 1107 447 1150 est.

225 1202 484 1253 Processzcs
511 1201 866 1271 pterygoideus
900 1206 1122 1256 internus
1158 1233 1211 1243 —

231 1307 324 1373 (Os
358 1316 611 1372 palatinum.
665 1314 802 1372 ssoj.)

40 1415 128 1482 qui
158 1415 388 1478 margIne
417 1427 516 1461 suo
553 1422 779 1463 externo
819 1421 931 1464 tum
968 1414 1079 1463 ossi
1113 1415 1371 1480 palatin0‚
1410 1421 1520 1465 tum
1559 1429 1679 1481 pro-

40 1500 210 1549 cessui
242 1496 586 1565 pterygoideo
617 1507 838 1547 externo
875 1498 1135 1557 adhaeret,
1172 1508 1324 1564 atque
1351 1514 1511 1563 prope
1535 1499 1677 1548 hori-

38 1584 267 1634 zontalis
297 1597 461 1647 usque
486 1580 545 1629 ad
572 1596 633 1630 os
655 1580 896 1634 Vomeris
924 1600 978 1632 se
999 1584 1234 1633 extendit
1256 1599 1270 1642 3
1302 1590 1443 1633 retro
1466 1583 1524 1631 ad
1546 1584 1683 1633 ossis

36 1669 267 1734 quadrati
302 1665 545 1733 parietem
578 1667 838 1729 posticam
882 1666 1135 1730 adligatus
1170 1674 1265 1717 est.

139 1773 413 1822 processus
441 1768 593 1817 ambo
625 1769 958 1835 pterygoidei
984 1772 1191 1829 interni,
1227 1787 1445 1822 vomere
1478 1778 1530 1822 et
1562 1787 1680 1822 cor<

38 1872 163 1925 pore
198 1852 520 1921 sphenoideo
555 1853 890 1918 interposite,
930 1856 1037 1903 oris
1066 1853 1319 1905 fornicem
1351 1855 1598 1912 formant.
1623 1885 1686 1897 —-

105 1961 210 2012 *Ab
229 1959 364 2008 ossis
390 1964 685 2023 temporum
713 1964 860 2023 parte
886 1974 1164 2023 squamosa
1197 1975 1363 2025 usque
1393 1962 1452 2011 ad
1480 1978 1543 2011 os
1573 1965 1685 2014 nasi

34 2052 273 2113 porrecta
296 2043 434 2093 inter
457 2043 590 2091 cutis
616 2042 832 2090 laminas
857 2043 1058 2092 ossium
1089 2043 1244 2094 series
1275 2045 1540 2111 reperitur,
1556 2062 1686 2113 quae

35 2145 209 2181 arcum
234 2127 493 2181 formans,
531 2125 752 2174 orbitam
786 2127 847 2176 ab
874 2126 985 2177 imo
1020 2128 1327 2178 determinat

237 2232 364 2281 Ossa
397 2229 729 2280 suborbitalia

35 2337 409 2396 nominantur,
467 2349 753 2399 eorumque
785 2350 898 2396 sex,
933 2351 1028 2385 seu
1064 2336 1269 2387 duobus
1307 2338 1682 2404 posterioribus

34 2423 167 2472 inter
218 2437 274 2470 se
323 2422 617 2479 concretiS,
669 2418 896 2484 quinque
929 2428 1284 2476 numerantur,
1352 2422 1682 2473 Tenuissima

32 2515 157 2556 sunt
206 2512 359 2571 atque
407 2503 588 2570 plana,
635 2520 663 2551 a
699 2504 834 2552 cutis
882 2503 1071 2553 lamina
1123 2512 1329 2554 tantum
1382 2515 1598 2557 externa
1629 2514 1685 2558 et

31 2591 303 2656 pigmento
338 2589 575 2648 inducta,
625 2588 912 2652 posteriora
962 2587 1127 2654 magis
1161 2587 1344 2638 latiora
1372 2622 1387 2648 ‚
1426 2591 1682 2641 anteriora

31 2674 281 2741 longiora
318 2673 688 2741 paululumque
744 2674 1040 2723 incrassata.
1074 2703 1140 2712 --
1174 2671 1366 2722 Omnia
1400 2674 1524 2723 haec
1559 2691 1680 2725 ossa

28 2758 186 2823 juxta
218 2773 401 2809 eorum
436 2758 719 2822 marginem
754 2760 1009 2809 internam
1043 2756 1236 2805 canalis
1258 2792 1272 2816 ,
1323 2757 1679 2809 membranam

29 2856 301 2892 mucosam
352 2841 650 2902 includenS‚
696 2849 953 2910 permeat,
1010 2839 1158 2906 cujus
1201 2840 1322 2891 finis
1361 2842 1589 2891 anterior
1621 2843 1678 2892 in

31 2926 236 2976 ossium
268 2925 662 2976 suborbitalium
695 2928 864 2994 primo
900 2927 1034 2974 duos
1086 2925 1141 2974 in
1174 2940 1347 2974 ramos
1383 2923 1589 2975 divisus
1616 2929 1680 2976 ad

30 3024 153 3059 ossa
185 3010 431 3076 quaedam
486 3010 663 3061 brevia
686 3047 702 3072 ,
763 3009 985 3059 olfactus
1020 3023 1275 3072 organum
1312 3009 1680 3060 circumdantia

39 3101 193 3162 atque
236 3093 568 3145 canaliculata
612 3096 834 3156 transit3
887 3092 1007 3143 finis
1052 3090 1166 3155 ejus
1200 3093 1463 3157 posterior
1510 3107 1676 3143 mem-

28 3178 210 3232 branae
241 3194 487 3231 mucosae
520 3178 922 3245 prolongatione
955 3191 1075 3228 cum
1108 3177 1245 3226 ossis
1277 3176 1554 3228 mastoidei
1588 3194 1674 3227 ca-
