2064 3706
1611 270 1691 327 25

150 415 410 467 Praeterea
434 414 488 464 in
506 413 721 466 FarIOne
743 412 1002 477 variisque
1026 410 1140 461 aliis
1170 411 1225 460 in
1247 409 1472 477 piscibus
1490 412 1697 475 generis

54 498 361 549 Salmonum
392 497 724 566 Esocumque
798 497 999 545 ossium
1045 500 1389 545 cutaneorum
1429 501 1696 560 apparatus

61 584 327 648 reperitur,
355 583 442 648 qui
460 582 803 632 membranam
825 593 1095 629 mucosam
1119 578 1340 628 includit
1364 585 1416 628 et
1440 579 1499 628 ad
1513 576 1697 644 capitis

48 666 194 716 basin
233 667 438 730 positus
468 675 562 717 est.
616 663 875 732 (Piscibus
915 665 968 713 in
1005 661 1535 728 chondropterygiiS,
1575 677 1621 713 e.
1644 675 1697 725 g.

55 751 111 799 in
154 749 329 817 Rajis,
383 750 618 818 SqualiS,
670 755 938 815 apparatus
986 745 1074 796 ille
1117 750 1324 795 tantum
1366 761 1396 795 e
1435 743 1700 796 canalibus

54 835 457 885 membranaceis
487 835 744 896 constat).
808 831 1023 896 Reliqua
1061 835 1186 879 sunt
1218 843 1371 889 ossa,
1416 845 1546 896 quae
1579 828 1701 879 fun-

55 917 232 967 ctione
262 934 355 967 sua
387 920 703 969 membranas
737 930 975 967 mucosas
1016 910 1582 984 reproductionernque
1616 911 1703 966 ad-

55 999 243 1067 juvant
277 1033 342 1045 —
381 1019 504 1053 ossa
536 1002 951 1053 membranarum
984 1010 1317 1047 mucosarum
1363 997 1430 1063 ¹).
1465 1024 1522 1035 -

180 1191 415 1245 Farionis
447 1195 620 1262 itaque
657 1194 907 1246 sceletum
946 1199 1049 1244 tres
1083 1190 1376 1242 divisiones
1411 1189 1603 1242 habet:

151 1304 196 1355 I.
244 1302 479 1370 Systema
501 1306 686 1355 ossium
708 1303 1083 1357 vertebralium.
1132 1299 1395 1361 Cranium,
1423 1297 1711 1365 receptioni

53 1390 249 1440 cerebri
279 1390 476 1439 dictum
514 1420 570 1430 —
606 1396 658 1438 et
673 1387 919 1437 columna
936 1385 1258 1445 vertebraliS,
1293 1401 1423 1452 quae
1450 1382 1710 1433 medullae

53 1473 269 1541 spinalis
288 1473 481 1524 tutelae
498 1473 771 1537 motuique
788 1470 1021 1536 corporis
1039 1468 1275 1519 inservit.
1298 1499 1352 1507 —-
1389 1468 1519 1518 Cum
1539 1473 1713 1533 syste-

59 1558 213 1607 matis
240 1558 451 1609 nervosi
472 1564 636 1624 partes
661 1555 912 1605 centrales
949 1554 1001 1602 in
1020 1552 1353 1603 Salmonibus
1379 1567 1620 1617 magnam
1651 1551 1714 1600 ad

50 1640 430 1708 perfectionem
463 1639 827 1705 pervenerint,
880 1651 1066 1685 eorum
1100 1651 1311 1703 quoque
1345 1637 1710 1702 integumenta

52 1732 248 1774 statum
286 1723 362 1773 illi
392 1723 798 1773 convenientem
821 1720 1100 1787 acquirant,
1142 1735 1356 1770 necesse
1385 1729 1495 1780 est;
1530 1721 1708 1784 itaque

57 1808 335 1860 Salmones
351 1808 405 1858 in
422 1806 645 1875 piscium
659 1821 935 1857 osseorum
958 1805 1098 1855 serie
1119 1805 1241 1856 locu
1250 1804 1427 1864 mgfere
1440 1820 1710 1856 summum

58 1900 256 1943 tenent.

167 1976 309 2027 Huic
346 1974 625 2043 systemati
666 1974 883 2041 ejusque
928 1973 1260 2039 processibus
1308 1979 1512 2039 partes,
1580 1987 1710 2039 quae

55 2062 213 2127 piscis
245 2069 424 2112 motus
450 2060 697 2121 efficiunt,
734 2061 938 2125 pinnae,
965 2058 1261 2125 ligamentis
1291 2059 1555 2126 spinisque
1591 2074 1712 2108 cum

54 2148 120 2197 iis
155 2145 501 2214 conjunctae,
551 2144 846 2199 adhaerent.

167 2253 245 2305 II.
334 2253 459 2304 Osset
509 2252 908 2303 membratim-mn
954 2267 1262 2303 mucosarum
1289 2269 1309 2322 ς
1386 2266 1516 2318 quae
1555 2257 1679 2300 sunt
1701 2270 1713 2300 ε

58 2339 321 2398 Maxillae‚
355 2353 477 2386 ossa
489 2336 639 2387 faciei
664 2344 718 2387 et
735 2353 795 2385 os
817 2335 1027 2402 linguae
1050 2353 1169 2387 cum
1188 2336 1555 2404 appendicibus
1575 2337 1705 2400 suiS‚

57 2439 189 2490 quae
211 2421 566 2489 respirationis
590 2427 887 2487 apparatum
910 2421 1155 2482 formant,
1210 2422 1395 2487 capitis
1419 2419 1711 2469 maximam

57 2516 251 2576 partem
275 2507 540 2571 requirunt
566 2520 733 2570 eoque
748 2505 1050 2555 animalium
1072 2504 1382 2556 inferiorum
1407 2504 1707 2554 admonent.

158 2616 268 2667 III.
310 2616 437 2666 Ossa
474 2620 703 2666 camma:
748 2615 1038 2681 Apparatus
1080 2615 1168 2664 ille
1209 2617 1412 2664 ossium
1453 2611 1712 2663 canalicu-

60 2703 314 2759 latorum,
349 2700 436 2766 qui
468 2701 528 2750 ad
564 2699 706 2747 basin
740 2699 922 2764 capitis
958 2701 1243 2750 instructus
1278 2707 1386 2761 est,
1432 2695 1711 2750 nonnulla-

66 2802 166 2851 que
200 2786 298 2836 alia
337 2801 455 2836 ossa
492 2785 749 2851 etiamque
785 2799 1043 2849 squamae.

106 3074 108 3077 .
134 3026 187 3082 1)
221 3025 275 3071 C.
299 3027 357 3073 A.
377 3025 424 3069 S.
445 3024 648 3068 Schultze
680 3032 909 3081 systemat.
936 3022 1161 3069 Lehrbuch
1197 3024 1273 3069 der
1303 3024 1440 3078 vergi·
1463 3017 1720 3067 Anatomie·

177 3167 180 3169 ‚
230 3110 282 3154 T.
305 3111 338 3153 1,
377 3124 423 3167 p.
448 3105 538 3154 166
557 3130 597 3140 -
618 3105 724 3156 159.
