2064 3706
1648 238 1721 296 69

285 385 451 434 Cornu
489 383 684 429 sextum
719 378 864 438 (ossa
898 378 1191 444 pharyngea
1221 374 1497 443 inferiora)

91 469 240 518 sulco
277 476 446 524 caret3
498 463 748 528 principio
799 478 899 510 suo
936 462 1166 527 corporis
1203 463 1336 510 ossis
1370 460 1582 526 hyoidis
1617 477 1726 511 car-

96 553 359 616 tilaginem
399 549 636 598 ultimam
693 547 902 610 attingit
944 547 1291 612 parietemque
1325 543 1611 608 oesophagi
1638 561 1725 609 po,

92 636 362 684 steriorem
398 633 562 682 fulcit.
598 663 659 670 -—
725 630 804 678 Ad
840 645 1022 678 corum
1080 629 1388 693 principium
1436 629 1725 678 ossiculum

86 726 366 782 angustum
404 726 557 780 atque
593 713 972 778 longitudinale
1006 714 1071 761 iis
1107 711 1411 774 adjunctum
1445 721 1551 771 est,
1585 715 1726 780 qnod

83 801 264 851 dentes
299 802 481 867 parvi,
526 797 809 849 acutissimi
854 796 1179 862 confertique
1213 796 1369 861 positi
1404 806 1616 852 armant.
1663 828 1725 839 -

277 1027 411 1080 III.
486 1030 652 1079 Ossa
711 1034 1034 1078 cumaea.

172 1133 332 1183 Piscis
386 1133 599 1198 occipiti
632 1134 766 1180 intra
800 1132 934 1180 cutis
977 1133 1222 1178 externae
1264 1128 1481 1180 laminas
1517 1130 1713 1182 inclusa

275 1218 472 1267 Ossium
511 1215 949 1266 canaliculatorum
991 1213 1140 1263 series

81 1310 375 1351 transversa
422 1299 703 1359 incumbit,
771 1301 830 1350 ab
864 1298 1019 1349 unius
1059 1298 1233 1349 lateris
1268 1301 1474 1366 scapula
1509 1301 1570 1351 ad
1597 1300 1723 1351 alte-

77 1401 182 1434 ram
217 1391 470 1450 porrecta.

168 1489 408 1540 Ossicula
445 1505 633 1554 parva,
669 1488 843 1539 tenuia
877 1504 1126 1556 cavaque,
1165 1503 1296 1552 quae
1326 1490 1462 1539 cutis
1497 1487 1722 1538 canalem

79 1588 358 1622 mucosum
380 1612 392 1630 ,
427 1571 624 1621 multos
651 1573 890 1621 stolones
921 1575 974 1622 in
999 1571 1323 1638 superficiem
1357 1575 1611 1627 edentem,
1647 1574 1725 1621 in·

74 1658 327 1715 cludunt,
382 1672 493 1706 eam
535 1656 864 1714 conficiunt3
929 1673 1112 1706 eorum
1154 1656 1456 1722 plerumque
1503 1665 1725 1723 quatuor

73 1755 281 1808 quoque
315 1741 368 1787 in
396 1739 557 1789 latere
577 1755 860 1800 numera83
910 1747 1162 1798 attamen,
1201 1741 1559 1805 magnitudine
1593 1756 1725 1791 vero

72 1843 98 1874 a
129 1824 380 1891 principio
411 1825 627 1885 minuta,
664 1826 975 1889 quandoque
1007 1839 1191 1873 eorum
1226 1840 1475 1874 numerus
1509 1827 1724 1892 inauge-

69 1921 175 1968 tur,
233 1908 595 1974 interdumque
647 1911 703 1959 in
740 1910 989 1959 alterutro
1040 1907 1200 1958 latere
1242 1924 1341 1958 sex
1382 1911 1722 1976 reperiuntur.

68 1995 218 2053 Quae
249 1993 447 2043 mediae
482 1994 620 2042 ossis
652 1995 894 2059 occipitis
931 2007 1174 2057 squamae
1200 1994 1475 2060 imposita,
1528 1994 1715 2043 ceteris

69 2076 266 2142 majora
291 2085 446 2137 sunt3
486 2079 828 2143 proximaque
857 2078 1072 2127 minima
1092 2112 1106 2136 ‚
1148 2077 1270 2126 dum
1294 2079 1562 2143 sequentia
1585 2093 1723 2126 cres-

66 2170 219 2221 cunt,
262 2162 546 2226 ultimaque
582 2163 805 2229 scapulis
835 2162 1098 2228 adjuncta,
1148 2164 1414 2211 stolonem
1445 2161 1713 2212 lateralem

65 2255 119 2295 et
143 2245 414 2310 majorem,
445 2263 565 2297 cum
588 2248 726 2296 ossis
748 2247 1023 2297 mastoidei
1042 2246 1216 2296 canale
1240 2247 1717 2296 communicantem

65 2336 375 2385 monstrant.

157 2435 367 2486 Horum
406 2439 609 2488 ossium
648 2437 842 2496 serie5‚
915 2451 1068 2500 quam
1115 2436 1360 2486 omnibus
1408 2436 1464 2485 in
1508 2434 1715 2498 generis

63 2520 373 2573 Salmonum
406 2523 703 2588 speciebus,
739 2540 864 2590 quas
897 2522 1132 2573 scrutavi
1160 2522 1213 2583 ¹)
1259 2527 1421 2587 reperi
1456 2538 1716 2589 nemoque

65 2607 368 2672 diligentius
408 2607 674 2673 descripsit
702 2644 715 2668 ,
778 2609 1040 2658 canalium
1084 2623 1113 2655 e
1155 2606 1448 2656 membrana
1491 2623 1710 2657 mucosa

63 2697 489 2741 constructorum
522 2701 755 2760 systema
791 2693 998 2743 duobus
1027 2691 1078 2739 in
1111 2691 1353 2740 lateribus
1389 2691 1713 2756 dispartitum

69 2776 201 2824 inter
226 2791 283 2825 se
320 2776 548 2842 illudque
579 2780 759 2844 capitis
784 2793 903 2826 cum
937 2791 1002 2825 eo
1030 2776 1198 2826 trunci
1229 2773 1546 2841 conjungit3
1593 2791 1712 2824 nam

68 2860 181 2923 eJ'us
247 2863 643 2914 consociatione
694 2878 813 2913 cum
851 2862 1099 2928 scapula,
1158 2873 1310 2924 quam
1359 2859 1475 2912 dem
1519 2860 1708 2910 canalis

129 3090 184 3155 *)
236 3101 330 3142 Hae
372 3108 501 3142 sunt:
558 3099 706 3147 Saimo
733 3104 892 3151 Salar,
941 3102 990 3146 S.
1019 3101 1201 3152 Trutta,
1252 3102 1298 3148 S.
1331 3098 1599 3149 Salvelinus,
1633 3095 1696 3153 ξε.

185 3184 471 3240 Thymnias,
507 3187 555 3236 S,
584 3187 842 3243 ‘thymallus
872 3190 988 3233 latus
1020 3187 1172 3236 Bloch,
