2064 3706
412 231 479 288 1&

400 376 564 429 vent,
607 355 853 418 Fariones
885 361 988 412 hoc
1021 352 1182 413 modo
1219 363 1527 428 congelatos
1559 365 1840 430 posteaque
1867 351 2042 416 dimis-

400 470 519 516 s03,
553 439 724 502 denuo
755 448 1056 499 animandos
1085 462 1224 506 esse,
1262 448 1324 497 ad
1359 438 1555 498 fabulas
1586 449 1817 511 refertur,
1850 465 2043 517 oppor-

399 544 492 592 tet.
545 566 600 574 —-
647 535 707 585 ld
747 538 948 590 autem,
998 531 1138 599 quod
1169 532 1434 597 congelati
1476 534 1663 600 optimi
1711 550 1766 584 se
1813 531 2039 591 servent,

402 612 677 689 facilesque
729 619 946 668 dimissu
996 617 1128 671 sint,
1187 631 1370 665 verum
1418 623 1516 672 est.
1599 618 1831 669 Omnino
1885 619 2041 684 piscis

398 716 583 761 noster
612 704 784 754 multo
815 703 1012 753 diutius
1032 737 1045 761 ,
1082 700 1193 749 aliis
1222 701 1448 767 piscibus
1466 736 1481 761 ,
1516 717 1751 768 saporem
1773 704 1928 753 suuni
1957 704 2041 768 ju*

399 793 626 844 cundum
660 789 863 841 obtinet
903 787 1183 852 integrum.

484 875 664 930 Fario‚
698 875 795 924 etsi
826 873 1038 924 timidus
1065 870 1388 938 pavidusque
1421 868 1675 935 fulgentia
1708 871 1848 938 fugit
1879 879 2031 937 atque

395 951 630 1014 tonitrua
667 964 814 1009 tanto
849 965 992 1008 metu
1028 963 1081 1007 et
1109 962 1323 1021 stupore
1350 954 1597 1013 afficitur,
1636 960 1698 1006 ut
1728 955 2042 1022 quandoque

395 1049 521 1097 ioco
551 1054 781 1106 manenS,
814 1045 874 1094 ab
899 1040 1239 1109 piscatoribus
1277 1041 1367 1089 aut
1392 1039 1507 1089 aliis
1530 1042 1688 1090 manu
1714 1041 1939 1107 cabiatur
1972 1045 2039 1104 ¹),

393 1138 569 1181 tamen
601 1132 741 1180 cicur
773 1128 912 1180 reddi
939 1144 1094 1194 posse
1121 1128 1176 1187 2)
1210 1113 1414 1179 dicitur.
1435 1150 1497 1163 —

493 1223 731 1275 Facultas
754 1223 858 1284 illa,
891 1221 1162 1293 speciebus
1197 1220 1400 1286 generis
1428 1217 1738 1271 Salmonum
1771 1208 2040 1289 praecipue

392 1297 629 1379 propria,
666 1316 765 1373 qua
797 1302 987 1356 caudae
1009 1305 1312 1356 vibratione
1339 1304 1505 1356 celera
1544 1311 1697 1370 atque
1726 1304 1854 1356 forti
1885 1309 2041 1375 suPra

396 1411 579 1460 aquam
625 1404 831 1442 sursum
871 1408 927 1440 se
969 1390 1155 1441 tollere
1209 1387 1437 1454 queunt,-
1492 1390 1650 1438 etiam
1691 1387 1892 1440 Farioni
1945 1393 2042 1442 ob—

389 1467 528 1544 tigit.
596 1472 656 1529 Jd'
693 1477 978 1529 secundum
1018 1473 1424 1526 observationes
1472 1473 1661 1523 alienas
1718 1475 1870 1540 atque
1915 1483 2037 1541 pro-

391 1564 526 1628 prias
555 1579 621 1612 eo
660 1563 899 1621 efficitur,
934 1570 995 1612 ut
1021 1562 1211 1611 caudae
1240 1570 1331 1609 ore
1358 1566 1534 1624 captae
1565 1561 1807 1626 parietem
1841 1547 2039 1611 virium

387 1647 683 1711 intentione
708 1647 964 1705 omnium,
997 1647 1127 1711 quae
1156 1660 1227 1693 ex
1263 1644 1621 1694 musculorum
1647 1645 1838 1695 robure
1873 1631 2038 1711 parie-

385 1718 572 1781 taliUm
601 1729 737 1781 haud
769 1738 927 1796 parva
947 1736 1051 1788 est,
1086 1734 1268 1777 contra
1292 1743 1475 1793 aquam
1497 1727 1696 1788 vibret,
1732 1731 1839 1793 quo
1884 1729 1945 1780 fit
1975 1731 2038 1780 ut

386 1816 446 1864 in
480 1805 864 1880 longitudinem
904 1829 1052 1864 suam
1095 1798 1250 1880 piscls
1299 1811 1354 1860 in
1397 1811 1565 1861 altum
1610 1798 1930 1878 subjiciatur.
1970 1838 2035 1849 —

384 1898 620 1951 Facultas
649 1889 775 1949 haec
801 1898 836 1948 F
840 1914 1071 1949 arionem
1107 1904 1283 1963 aptum
1315 1894 1510 1958 reddit,
1545 1897 1705 1947 trium
1737 1908 2036 1964 quatuorve

384 1984 575 2052 pedum
627 1970 901 2033 altitudine
958 1998 1111 2050 supra
1166 1995 1347 2047 aquam
1404 1981 1620 2033 exsilire
1650 1983 1707 2048 3)
1728 2021 1741 2046 ,
1815 1985 2033 2050 impedi*

384 2076 560 2120 menta
578 2068 837 2134 objectata
853 2067 1182 2125 transultum,
1197 2063 1433 2131 praedam
1453 2076 1655 2136 captum
1668 2071 1756 2123 vel
1767 2071 2035 2138 gavisum,-

384 2154 563 2205 forsan
596 2169 806 2220 quoque
838 2160 1008 2204 aerem
1041 2158 1302 2218 captatum
1330 2150 1404 2214 ⁴).
1441 2177 1504 2189 -

455 2411 508 2471 1>
543 2415 698 2472 Ulyss.
718 2394 1005 2459 Aldrovand.
1041 2414 1072 2457 1.
1096 2426 1134 2458 c.
1170 2427 1212 2471 p.
1238 2409 1347 2460 226.

448 2498 503 2554 2)
536 2503 692 2546 Baster
723 2500 934 2557 opuscula
960 2498 1202 2554 subseciva,
1236 2502 1292 2548 T.
1313 2502 1350 2545 1.
1387 2501 1523 2548 L.11.
1553 2512 1594 2556 p.
1616 2500 1665 2542 8.

448 2583 503 2640 3)
536 2586 763 2633 Facultate
789 2597 840 2627 ea
872 2597 1001 2640 saepe
1031 2586 1292 2637 exercitata,
1331 2585 1408 2629 illa
1443 2585 1674 2630 methodus
1701 2563 1860 2636 Anglis
1892 2582 2030 2637 grata,

540 2669 707 2728 piscem
740 2668 938 2712 saliendo
970 2652 1174 2724 praedam
1207 2669 1504 2722 artificialem,
1549 2684 1658 2726 quae
1688 2670 1865 2711 hamum
1899 2664 2025 2718 celat,

542 2761 805 2810 captantem,
845 2767 995 2810 capere
1024 2754 1193 2800 nititur.
1222 2774 1268 2787 .-
1308 2734 1591 2811 Nequaquam
1626 2767 1727 2798 vero
1761 2752 1841 2793 hoc
1873 2764 2024 2794 recen-

542 2836 647 2882 tiori
680 2848 876 2895 tempore
916 2838 1172 2891 inventum,
1222 2839 1302 2882 sed
1339 2853 1363 2882 a
1399 2839 1573 2896 populis
1608 2831 1777 2895 quoque
1810 2836 2026 2880 veteribus

540 2920 823 2966 exercitatum
869 2930 980 2967 est·
969 2955 981 2975 ‚
1055 2936 1155 2966 narn
1189 2923 1399 2968 Aelianus
1439 2926 1570 2967 refert
1626 2925 1656 2967 1.
1688 2937 1725 2967 c.
1790 2924 1841 2965 L.
1877 2923 2022 2968 XVII.

542 3005 780 3064 piscatores
811 3004 856 3049 in
877 3003 1085 3059 Astraeo,
1118 2990 1394 3053 Macedoniae
1415 3006 1572 3060 fluvio,
1615 3022 1695 3064 pro
1725 3007 1886 3050 muscis
1921 3020 2021 3064 pur-

539 3099 770 3149 purascent
774 3103 796 3135 e
834 3093 933 3135 lana
959 3092 1134 3135 hamum
1168 3091 1426 3147 vestivisse,
1470 3103 1519 3138 ut
1547 3093 1690 3140 Pisces
1722 3090 1957 3148 decipiant.

449 3173 503 3233 4)
534 3177 645 3222 Cum
668 3175 877 3222 Fariones
904 3176 1012 3220 hanc
1038 3177 1282 3220 facultatem
1314 3177 1357 3220 in
1381 3177 1680 3230 stagnantibus
1703 3174 1828 3232 aquis
1848 3175 2016 3217 dierum
