2064 3706
523 474 577 538 I.
648 472 969 554 systema
1011 477 1268 539 ossium
1310 476 1836 541 vertebralium.

885 624 961 681 A.
1063 626 1508 686 Granium.

449 729 693 782 Cranium
709 730 939 781 Farionis
954 731 1277 797 aliorumque
1292 734 1512 800 piscium
1530 749 1823 793 osseornm,
1843 734 2003 783 trium

353 814 710 867 vertebrarum
734 816 961 882 partibus
977 817 1197 882 singulis
1223 824 1461 866 constare
1481 817 1684 877 dicitur,
1741 819 1856 870 Hae
1877 830 2004 867 sunt

350 899 588 950 vertebra
606 900 969 969 occipitalis—
987 916 1027 951 s,
1045 901 1271 951 acustica
1287 929 1343 938 —-
1380 899 1609 967 Bojcmus
1644 908 1688 963 ¹)
1709 920 1724 963 3
1768 903 2007 953 vertebra

351 983 706 1049 sphenoidalis
742 985 905 1051 prima
931 1013 990 1025 -
1022 1001 1063 1038 s,
1092 987 1384 1051 gustatoria
1406 986 1474 1040 B.
1519 992 1572 1035 et
1593 988 1826 1042 vertebra
1855 985 2010 1049 sphe-

353 1067 577 1117 noidalis
608 1070 834 1122 secunda
864 1098 927 1114 -ε-
957 1087 1000 1125 S.
1028 1071 1202 1137 optica
1229 1071 1294 1123 B.
1332 1099 1389 1109 -
1455 1068 1791 1136 Singularum
1831 1079 2006 1121 tamen

349 1151 704 1202 vertebrarum
755 1154 996 1206 definitio
1043 1172 1232 1223 magna
1283 1163 1491 1207 tantum
1543 1154 1849 1209 difficultate
1897 1153 2011 1203 fieri

352 1241 533 1301 potest
565 1243 619 1285 et
646 1236 708 1287 ad
741 1241 936 1290 cerebri
961 1249 1127 1306 partes
1159 1239 1474 1291 definiendas
1515 1241 1588 1289 nil
1620 1238 1793 1299 affert3
1836 1241 2012 1303 itaque

353 1317 585 1385 Bojanus
613 1325 693 1384 ²-),
741 1326 831 1389 qui
867 1333 929 1376 ut
960 1335 1192 1391 quartam
1224 1340 1436 1391 quoque
1463 1325 1755 1376 vertebram
1786 1323 2012 1374 formare

349 1406 521 1470 possit
543 1433 597 1443 --
625 1409 919 1459 vertebram
955 1409 1325 1460 ethmoidalem
1356 1428 1398 1460 s.
1420 1410 1753 1460 olfactoriam
1787 1435 1843 1445 —-
1875 1408 2012 1457 ossi-

351 1488 471 1538 cula
500 1493 752 1542 nonnulla
775 1493 924 1545 faciei
953 1495 1087 1544 inter
1109 1495 1268 1545 cranii
1295 1510 1417 1544 ossa
1433 1496 1609 1544 locare
1634 1492 1851 1552 studuit,
1877 1508 2009 1557 quae

350 1572 413 1630 ad
434 1573 758 1627 formandam
785 1580 977 1630 cerebri
994 1580 1275 1630 cavitatem
1312 1580 1440 1629 nihil
1458 1579 1815 1637 contribuunt,
1840 1592 2008 1650 *errare

351 1658 483 1709 mihi
503 1661 739 1721 videtum
774 1665 1043 1731 magisque
1066 1663 1225 1714 Carus
1250 1665 1327 1725 ³),
1362 1664 1451 1730 qui
1479 1665 1617 1713 inter
1648 1677 1768 1711 ossa
1793 1652 2004 1726 quoque

351 1742 504 1794 faciei
555 1752 659 1797 tres
702 1747 953 1813 intelligit
986 1748 1283 1810 vertebraS,
1333 1748 1549 1798 dubium
1582 1744 1831 1795 omnibus
1854 1780 1868 1803 ,
1916 1746 2006 1809 qui

353 1835 571 1880 naturae
593 1830 979 1897 philosophiam
1013 1841 1067 1883 et
1086 1833 1473 1902 philosophiam
1502 1830 1792 1881 naturalem
1815 1829 2007 1887 discer-

352 1926 476 1964 nere
514 1922 766 1980 possunt,
816 1923 1020 1968 movet.

453 2039 540 2094 Ad
573 2041 858 2110 singularia
891 2058 990 2094 nos
1025 2049 1423 2096 convertamus:

453 2161 505 2196 ι.
537 2146 670 2198 Pars
699 2148 936 2199 basilaris
972 2150 1097 2198 ossis
1132 2149 1369 2214 occipiti&
1414 2146 1526 2212 Boj.

538 2231 769 2298 (Corpus
795 2234 932 2283 ossis
960 2233 1201 2299 occipitis
1227 2259 1291 2272 .-.
1318 2233 1505 2285 Meckel
1534 2230 1612 2298 ⁴).

457 2334 534 2385 Os
565 2336 832 2404 inaequale
856 2338 1156 2389 tesselatum
1173 2374 1186 2397 ,
1223 2338 1373 2402 cujus
1393 2341 1555 2404 paries
1579 2338 1859 2405 posterior,
1889 2352 2012 2387 ver-

362 2418 519 2470 tebris
557 2423 733 2486 spinae
766 2423 987 2480 similis,
1022 2422 1306 2472 cavitatem
1345 2422 1883 2474 infundibulisormem
1921 2423 2013 2471 de-

361 2499 647 2566 monstrat,
683 2514 834 2575 atque
865 2522 983 2557 cum
1013 2507 1201 2574 prioris
1227 2509 1494 2559 vertebrae
1519 2509 1749 2573 margine
1778 2505 2011 2556 inferiori

427 2743 478 2800 1)
514 2750 712 2797 Versuch
745 2753 864 2796 einer
887 2754 1093 2808 Deutung
1123 2755 1200 2798 der
1227 2751 1435 2798 Knochen
1469 2749 1530 2793 im
1556 2747 1702 2805 Kopse
1726 2750 1803 2796 der
1827 2748 1997 2798 Fischo.

521 2835 609 2879 {sis
639 2852 725 2883 von
743 2838 883 2889 Oken,
918 2841 1063 2889 1818,
1098 2840 1177 2885 111.
1199 2840 1265 2884 St.
1301 2852 1345 2895 p.
1367 2829 1474 2883 498.

424 2913 480 2974 2)
509 2921 544 2964 l.
565 2934 607 2970 c.

422 3002 479 3059 3)
511 3006 977 3060 Erlaeuteruugstafeln
1011 3021 1090 3051 zur
1114 3010 1252 3062 vergl.
1276 3008 1412 3054 Anat.
1450 3005 1602 3061 Leipz.
1624 3003 1766 3050 1827.
1810 3005 1913 3047 Heft
1929 3007 1963 3051 I.

427 3083 476 3141 Αἱ)
511 3090 688 3146 System
737 3093 814 3135 der
847 3096 985 3150 vergl.
1021 3083 1228 3141 Anatomf
1294 3091 1425 3139 Halle
1457 3085 1597 3135 1822.
1654 3091 1795 3139 T.11.
1830 3089 2000 3136 Div.1,

517 3191 563 3233 p.
594 3175 703 3222 327.
737 3190 830 3234 seq.
