2064 3706
354 247 430 309 56

453 391 512 453 a)
574 387 790 453 ‚Scapula
821 413 842 423 -
870 386 1030 437 tribus
1062 402 1091 437 e
1122 384 1346 452 partibus
1389 386 1680 450 composita
1699 420 1714 445 ‚
1772 398 1985 449 quarum

364 490 602 541 suprema
652 472 941 536 ligamento
992 469 1115 520 forti
1173 470 1233 518 ad
1284 470 1440 519 cranii
1489 477 1683 535 partem
1735 469 1995 536 petrosam

363 558 684 624 superiorem
709 553 864 603 affixa
897 570 959 603 os
992 543 1261 620 paulului'n
1295 555 1641 609 incurvatum,
1676 556 1984 621 longiuscu-

362 643 474 692 lum
507 650 806 705 arctumque
837 637 1022 696 refert3
1055 638 1115 687 ad
1148 637 1259 705 ejus
1293 645 1587 687 extremum
1619 638 1834 689 inferius
1871 640 1992 690 lati-

363 741 528 792 usque
558 738 832 789 processus
867 730 1046 772 acutus
1095 729 1246 789 atque
1278 722 1473 788 longus
1505 724 1720 783 eminet,
1755 739 1905 790 quem
1940 724 2003 774 li-

365 817 668 874 gamentum
717 824 835 857 cum
889 807 1121 857 ossiculo
1155 806 1386 866 mitrale,
1449 807 1590 873 quod
1634 814 1842 857 suturae
1874 808 2006 857 inter

363 893 502 943 ossis
536 892 773 959 occipitis
806 899 1001 957 partem
1044 890 1446 957 condyloideam
1479 899 1532 941 et
1564 907 1626 941 os
1659 891 2003 941 mastoideum

365 978 681 1028 consistenti
728 976 956 1037 insidet,
1003 975 1244 1043 quodque
1290 990 1445 1041 supra
1477 976 1907 1036 commemoravi,
1954 981 2002 1036 ¹)

362 1061 660 1128 conjungit.
724 1061 807 1113 Ad
840 1060 996 1127 hujus
1020 1074 1293 1128 processus
1338 1060 1477 1110 basin
1513 1076 1632 1110 ossa
1666 1061 2003 1113 canaliculata

365 1146 607 1213 scapulae
649 1148 776 1212 parti
831 1136 1096 1212 supremae
1137 1143 1436 1204 adhaerent,
1488 1159 1774 1209 eorumque
1807 1146 2000 1196 canalis

370 1246 462 1297 per
483 1231 614 1280 hanc
630 1246 837 1297 quoque
856 1238 1047 1297 partem
1067 1235 1218 1292 atque
1234 1234 1527 1292 sequentem
1550 1231 1908 1296 prolongatur.
1936 1263 2002 1275 —-

459 1314 640 1364 Altera
687 1315 924 1380 scapulae
976 1329 1089 1379 pars
1151 1313 1416 1377 paululum
1464 1314 1630 1378 major
1677 1318 2002 1384 antecedenti

363 1397 555 1447 similis
591 1406 698 1459 est,
733 1415 882 1466 supra
916 1400 1142 1447 canalem
1177 1397 1358 1463 recipit
1391 1405 1444 1447 et
1477 1414 1564 1464 per
1594 1400 1882 1464 *marginem
1917 1416 2006 1451 su-

362 1496 445 1530 am
477 1484 818 1547 posteriorem
853 1481 1016 1532 modo
1050 1483 1111 1531 ad
1143 1480 1329 1531 lineam
1366 1481 1623 1534 lateralem
1660 1483 1818 1537 ducit.

452 1566 538 1616 Ad
593 1566 726 1617 hanc
775 1566 1049 1618 secundam
1104 1581 1219 1634 pars
1270 1566 1451 1626 tertia,
1507 1567 1698 1618 lamina
1745 1583 1898 1619 ossea
1946 1576 2000 1620 et

362 1661 523 1713 parva
548 1685 562 1709 ,
598 1650 729 1701 infra
752 1652 971 1716 adligata
994 1656 1106 1706 est.

453 1733 517 1796 h)
591 1735 867 1794 Claviculffi
904 1734 1098 1784 duabus
1133 1749 1162 1782 e
1207 1733 1434 1798 partibus
1468 1742 1795 1786 constructa:

459 1817 710 1870 Clavicula
743 1819 996 1877 anterior,
1049 1817 1397 1867 extremitatis
1433 1821 1706 1869 anterioris
1737 1837 1798 1869 os
1834 1821 2001 1870 maxi-

364 1916 538 1959 mum,
571 1903 863 1967 geniculata
897 1910 1017 1962 est3
1053 1916 1196 1949 ramo
1231 1901 1560 1951 adscendenti
1580 1903 1874 1954 claviculae
1906 1922 2002 1970 po-

362 1986 599 2035 sterioris
632 1994 833 2053 parteS,
891 2002 1037 2036 ramo
1086 1983 1406 2034 horizontali
1454 1986 1648 2036 brachii
1697 1997 1749 2038 et
1783 1990 2001 2039 antibra-

358 2067 464 2119 chii
500 2078 668 2136 partes
709 2070 895 2121 affixae
929 2077 1073 2123 sunt.
1141 2067 1314 2133 HujUs
1348 2067 1634 2121 claviculae
1665 2057 1879 2125 acumen
1915 2088 2003 2120 su-

364 2156 537 2220 perius
571 2171 689 2205 cum
724 2155 932 2222 scapula
958 2194 970 2213 ‚
1018 2155 1241 2204 anterius
1289 2160 1463 2203 autem
1489 2164 1604 2204 cum
1643 2158 1877 2222 corporis
1913 2173 2002 2224 os·-

364 2237 437 2286 sis
486 2238 705 2304 hyoidei
757 2256 876 2290 osse
932 2239 1184 2304 singulari
1234 2240 1310 2302 ²),
1362 2270 1426 2280 —
1476 2236 1662 2289 Sterno
1719 2242 2002 2292 secundum

365 2320 940 2388 Gouan-ligamentis
974 2324 1213 2373 cruciatis
1248 2323 1587 2387 conjunctum
1622 2330 1721 2379 est.

472 2406 770 2459 Clmvmlmn
823 2409 1142 2473 posteriorem
1209 2414 1374 2473 partes
1441 2408 1572 2458 duae
1636 2419 1996 2475 componunt;

365 2503 470 2539 uua
503 2491 689 2541 lamina
732 2499 812 2542 est
862 2493 1034 2542 medio
1092 2493 1356 2558 depressa,
1407 2490 1562 2540 altera
1595 2501 1765 2543 autem
1801 2498 2000 2560 spinam

366 2573 581 2640 longam
633 2583 783 2644 atque
816 2586 1059 2641 tenuem,
1105 2575 1212 2627 fere
1264 2576 1325 2626 ad
1359 2574 1570 2641 pinnam
1605 2577 1999 2631 descendentem

367 2667 700 2726 representat.
737 2689 791 2698 —-

471 2743 597 2795 Ossa
653 2741 845 2796 brachii
889 2752 1041 2811 atque
1091 2742 1389 2797 azfztihmclzii
1423 2744 1484 2794 ad
1531 2745 1813 2798 claviculae
1858 2755 2001 2798 ante-

375 2826 525 2876 rioris
572 2831 812 2894 parietem
860 2831 1117 2881 internam
1174 2830 1394 2896 adligata
1444 2837 1583 2884 sunt.
1631 2832 1866 2892 Eorum,
1943 2839 2002 2882 ut

368 2912 605 2962 animalia
660 2930 870 2982 quoque
934 2914 1328 2982 organisatione
1386 2913 1706 2969 confectiore
1775 2916 1997 2986 praedita

440 3083 496 3143 1)
532 3087 644 3135 Vide
676 3094 793 3149 apud
827 3091 961 3137 cranii
996 3092 1327 3153 descriptionem
1361 3093 1452 3140 Nro
1478 3082 1524 3142 (ἶ.
1562 3092 1604 3139 7.

440 3170 495 3225 2)
536 3173 648 3221 Vide
678 3179 789 3231 apud
823 3192 873 3220 os
896 3178 1124 3234 byoideum
1147 3212 1160 3231 ,
1193 3193 1238 3236 p.
1272 3173 1349 3223 66¹.
