2064 3706
1612 254 1684 314 19

41 385 228 452 libera,
260 394 313 442 et
346 385 399 441 in
427 386 728 446 Farionibus
758 381 1059 443 masculinis
1093 383 1272 459 parvis
1304 398 1497 456 organa
1529 394 1686 444 semi-

38 477 172 527 nalia
197 497 252 513 -·—·-
273 476 545 526 testiculos
570 504 633 515 —
667 479 865 528 semine
898 477 1247 542 turgescentia
1281 476 1482 541 saepius
1508 477 1685 541 reperi.-

136 559 190 612 Si
218 558 424 610 tandem
454 568 658 629 ternpus
683 564 744 614 ad
772 565 1051 616 emittenda
1085 577 1191 612 ova
1220 560 1479 627 incoepit.
1517 560 1687 610 Fario-

37 658 129 696 nes
164 638 435 711 utriusque
467 662 643 706 sexus·,
677 649 768 697 vel
793 649 1043 701 instinctu
1068 645 1267 697 incitati
1293 646 1382 696 vel
1404 647 1566 696 odore
1591 645 1686 695 illo

35 729 278 785 invitati,
322 738 542 789 coeunt,
584 743 849 799 maresque
893 734 1148 786 foeminas
1188 736 1487 797 sequuntur.
1573 728 1690 779 H'oc

36 815 92 865 in
143 814 359 879 regione
405 823 585 865 nostra
638 831 815 866 mense
869 818 1115 868 Octobris
1161 823 1314 882 atque
1365 806 1412 863 N
1419 826 1492 864 ox
1500 811 1690 862 embris'

40 899 252 958 evenit,
304 899 377 946 ita
417 910 549 950 'vero
593 900 738 949 utin
777 915 1009 952 mensem
1055 917 1264 969 quoque
1302 898 1601 950 Decembris
1635 908 1692 946 se

34 982 332 1034 extendat¹
349 984 390 1044 ).
455 976 612 1034 Nulla
642 991 815 1034 tamen
852 987 1028 1052 regula
1062 988 1173 1037 sine
1193 978 1507 1052 exceptione
1547 985 1626 1050 ²)

128 1068 215 1118 An
258 1067 592 1127 observatio,
654 1082 681 1117 a
723 1061 904 1119 multis
950 1070 1132 1129 allata,
1211 1069 1455 1121 Fariones
1500 1063 1691 1119 foemi-·

34 1167 154 1203 neas
195 1150 257 1202 ad
291 1153 620 1202 exoneranda
655 1167 770 1201 ova
805 1153 939 1204 inter
965 1156 1207 1205 arborum
1241 1155 1431 1206 radices
1470 1154 1688 1221 lapides-

30 1253 132 1305 que
162 1252 388 1303 magnos
432 1235 668 1320 urgendo
705 1239 921 1289 transire
943 1276 956 1299 ‚
1004 1250 1218 1290 naturae
1248 1231 1564 1318 respondeat
1597 1239 1692 1289 du-

28 1321 175 1382 bit03
234 1321 455 1389 quippe,
501 1331 630 1387 quae
675 1315 727 1371 in
765 1323 876 1372 aliis
916 1324 1162 1374 omnibus
1199 1325 1423 1391 perfecta·
1455 1326 1510 1374 in
1538 1340 1695 1390 Orga-

30 1409 207 1458 nismo
238 1406 300 1455 ad
328 1406 668 1473 procreandas
699 1408 873 1472 proles
911 1415 1018 1456 arte
1053 1421 1207 1475 quam
1229 1409 1459 1459 maxime
1482 1405 1691 1460 mecha-

30 1493 147 1542 nica
173 1492 255 1541 uti
286 1500 398 1541 'non
426 1490 659 1547 videtur.

131 1576 251 1628 Ova
278 1583 477 1624 matura
505 1575 765 1641 liberaque
792 1576 844 1624 in
873 1566 1163 1625 abdominis
1194 1588 1332 1626 cavo
1357 1569 1576 1645 jacentia
1590 1572 1698 1645 pis-

33 1664 111 1714 cis
139 1660 278 1712 haud
319 1651 474 1707 dubie
515 1674 581 1706 eo
621 1669 709 1725 per
749 1667 1038 1724 aperturam
1081 1660 1375 1713 abdominis
1416 1664 1696 1730 propriam,

31 1744 258 1796 valvula
293 1755 404 1792 non
436 1738 663 1790 clausam
696 1750 915 1809 anteque
937 1752 1093 1793 anum
1127 1754 1177 1795 et
1202 1742 1411 1799 vesicae
1442 1739 1701 1797 urinariae

30 1828 247 1878 ductum
277 1824 505 1892 'positam
534 1820 770 1876 emittere
799 1835 1006 1894 potest,
1051 1837 1109 1878 ut
1137 1826 1353 1896 parietes
1386 1825 1696 1893 abdomini8‚

28 1907 287 1963 musculis
324 1911 462 1963 haud
495 1912 674 1978 parvis
707 1911 1012 1972 instructaS,
1056 1917 1312 1978 gradatim
1351 1918 1413 1967 ab
1440 1918 1699 1968 anteriore·

37 2003 185 2063 parte
218 1988 282 2046 ad
320 1989 674 2062 posteriorem
702 1997 1039 2062 comprimat,
1075 2015 1174 2066 qua
1208 1993 1264 2051 in
1301 2002 1574 2053 functione
1609 2019 1701 2052 co-

32 2087 232 2131 starum
257 2079 651 2130 articulationes
687 2074 941 2146 adjuvant
979 2082 1050 2143 ³).

96 2316 146 2367 1)
180 2317 367 2371 Quidam
396 2317 451 2361 de
467 2324 513 2360 re
529 2311 717 2362 naturali
740 2304 931 2363 Piscium
967 2321 1186 2374 Antores,
1236 2328 1274 2367 e.
1293 2328 1336 2378 g.
1370 2315 1426 2369 U.
1447 2320 1697 2369 Aldrova'b:

195 2403 297 2453 dus,
344 2396 599 2453 Li'nnaeus,
631 2404 785 2455 Bloch,
819 2404 964 2457 Oken,
999 2406 1212 2453 Wilhelm
1254 2412 1337 2451 etc.
1371 2411 1696 2466 propagationis

194 2494 370 2545 tempus
412 2488 457 2531 in
497 2497 691 2531 mensem
716 2489 987 2545 Septembris
1017 2492 1235 2545 referunt}
1293 2489 1373 2534 hoc
1398 2492 1452 2535 iis
1485 2485 1530 2537 in
1556 2495 1695 2550 regim·

195 2572 342 2624 nibuS,
375 2573 422 2616 in
443 2573 600 2629 quibus
636 2573 702 2617 illi
719 2584 899 2618 naturae
923 2584 1188 2620 scrutatores
1213 2577 1436 2620 domicilia
1457 2589 1534 2621 sua
1565 2585 1694 2636 atque

193 2657 527 2704 observationes
550 2649 821 2711 habuerunt,
855 2659 1108 2714 contingam¹
1161 2655 1338 2706 finiente
1368 2672 1537 2707 tantum
1568 2664 1697 2709 Octo-

195 2744 272 2787 bre
294 2743 610 2801 incipienteque
627 2743 875 2791 Novembre
914 2757 996 2799 ego
1031 2756 1112 2790 ova
1134 2747 1337 2794 Farionis
1367 2751 1493 2807 plene
1523 2756 1695 2793 matura

197 2828 360 2873 inveni.

200 2998 363 3056 apt-nii,
394 2998 519 3054 cujus
554 3011 636 3044 ova
675 3001 730 3044 ad
760 2984 985 3044 dimidiam
1023 3000 1111 3057 jam
1154 3014 1322 3059 partem
1354 2976 1526 3047 excreta
1552 3012 1692 3046 eraut.

106 3081 162 3141 3)
196 3085 246 3131 Si
290 3083 494 3130 Farionis
523 3084 649 3130 vivae
694 3086 911 3129 abdomen
945 3087 1041 3129 ovis
1070 3097 1225 3141 turgns
1255 3102 1277 3130 a
1308 3088 1545 3146 parietibus
1571 3092 1697 3129 caute

199 3170 482 3229 comprimaS,
515 3169 630 3215 idem
656 3170 867 3224 efficitur3
904 3180 1034 3231 atque
1060 3172 1205 3228 Jacobi
1233 3171 1524 3222 confirmavit,
1558 3187 1637 3219 ova
1665 3179 1692 3215 ὁ

1258 3251 1335 3304 2ss
