<?xml version="1.0" encoding="UTF-8"?>
<!DOCTYPE html PUBLIC "-//W3C//DTD XHTML 1.0 Transitional//EN"
    "http://www.w3.org/TR/xhtml1/DTD/xhtml1-transitional.dtd">
<html xmlns="http://www.w3.org/1999/xhtml" xml:lang="en" lang="en">
 <head>
  <title>
</title>
<meta http-equiv="Content-Type" content="text/html;charset=utf-8" />
  <meta name='ocr-system' content='tesseract 3.04.00' />
  <meta name='ocr-capabilities' content='ocr_page ocr_carea ocr_par ocr_line ocrx_word'/>
</head>
<body>
  <div class='ocr_page' id='page_1' title='image "./quaedamdehistori00z_0082.png"; bbox 0 0 2064 3706; ppageno 0'>
   <div class='ocr_carea' id='block_1_1' title="bbox 373 294 447 345">
    <p class='ocr_par' dir='ltr' id='par_1_1' title="bbox 373 294 447 345">
     <span class='ocr_line' id='line_1_1' title="bbox 373 294 447 345; baseline 0 0"><span class='ocrx_word' id='word_1_1' title='bbox 373 294 447 345; x_wconf 79' lang='lat'>08</span> 
     </span>
    </p>
   </div>
   <div class='ocr_carea' id='block_1_2' title="bbox 331 424 2014 3276">
    <p class='ocr_par' dir='ltr' id='par_1_2' title="bbox 369 424 2012 914">
     <span class='ocr_line' id='line_1_2' title="bbox 369 424 2008 493; baseline -0.004 -16"><span class='ocrx_word' id='word_1_2' title='bbox 369 430 558 493; x_wconf 82' lang='lat' dir='ltr'>reperis</span> <span class='ocrx_word' id='word_1_3' title='bbox 589 444 603 483; x_wconf 74' lang='lat'>3</span> <span class='ocrx_word' id='word_1_4' title='bbox 671 427 926 477; x_wconf 82' lang='lat' dir='ltr'>talimodo</span> <span class='ocrx_word' id='word_1_5' title='bbox 978 427 1260 477; x_wconf 79' lang='lat' dir='ltr'>secundum</span> <span class='ocrx_word' id='word_1_6' title='bbox 1311 424 1468 475; x_wconf 83' lang='lat' dir='ltr'>situm</span> <span class='ocrx_word' id='word_1_7' title='bbox 1526 424 1743 474; x_wconf 86' lang='lat' dir='ltr'>formam</span> <span class='ocrx_word' id='word_1_8' title='bbox 1802 438 2008 489; x_wconf 83' lang='lat' dir='ltr'>quoque</span> 
     </span>
     <span class='ocr_line' id='line_1_3' title="bbox 371 506 2012 577; baseline -0.003 -16"><span class='ocrx_word' id='word_1_9' title='bbox 371 520 608 569; x_wconf 79' lang='lat' dir='ltr'>mutant3</span> <span class='ocrx_word' id='word_1_10' title='bbox 677 528 794 560; x_wconf 91' lang='lat' dir='ltr'>nam</span> <span class='ocrx_word' id='word_1_11' title='bbox 847 513 995 577; x_wconf 88' lang='lat' dir='ltr'>primi</span> <span class='ocrx_word' id='word_1_12' title='bbox 1046 514 1288 577; x_wconf 76' lang='lat' dir='ltr'>angusti,</span> <span class='ocrx_word' id='word_1_13' title='bbox 1345 509 1601 558; x_wconf 82' lang='lat' dir='ltr'>incurvati</span> <span class='ocrx_word' id='word_1_14' title='bbox 1647 506 2012 574; x_wconf 79' lang='lat' dir='ltr'>paululumque</span> 
     </span>
     <span class='ocr_line' id='line_1_4' title="bbox 371 590 2012 653; baseline -0.003 -9"><span class='ocrx_word' id='word_1_15' title='bbox 371 596 551 645; x_wconf 84' lang='lat' dir='ltr'>intorti</span> <span class='ocrx_word' id='word_1_16' title='bbox 574 602 727 653; x_wconf 75' lang='lat' dir='ltr'>sunt3</span> <span class='ocrx_word' id='word_1_17' title='bbox 761 595 913 644; x_wconf 85' lang='lat' dir='ltr'>medii</span> <span class='ocrx_word' id='word_1_18' title='bbox 949 605 1000 646; x_wconf 90' lang='lat' dir='ltr'>et</span> <span class='ocrx_word' id='word_1_19' title='bbox 1032 595 1197 646; x_wconf 66' lang='lat' dir='ltr'>form-51</span> <span class='ocrx_word' id='word_1_20' title='bbox 1230 595 1452 644; x_wconf 86' lang='lat' dir='ltr'>medium</span> <span class='ocrx_word' id='word_1_21' title='bbox 1487 600 1691 651; x_wconf 85' lang='lat' dir='ltr'>tenent;</span> <span class='ocrx_word' id='word_1_22' title='bbox 1725 590 1897 639; x_wconf 85' lang='lat' dir='ltr'>ultimi</span> <span class='ocrx_word' id='word_1_23' title='bbox 1919 590 2012 639; x_wconf 83' lang='lat' dir='ltr'>lati</span> 
     </span>
     <span class='ocr_line' id='line_1_5' title="bbox 371 677 2007 744; baseline -0.002 -18"><span class='ocrx_word' id='word_1_24' title='bbox 371 677 609 743; x_wconf 86' lang='lat' dir='ltr'>planique</span> <span class='ocrx_word' id='word_1_25' title='bbox 651 679 892 744; x_wconf 81' lang='lat' dir='ltr'>adparent</span> <span class='ocrx_word' id='word_1_26' title='bbox 926 719 937 740; x_wconf 87' lang='lat'>,</span> <span class='ocrx_word' id='word_1_27' title='bbox 1007 696 1189 730; x_wconf 82' lang='lat' dir='ltr'>omnes</span> <span class='ocrx_word' id='word_1_28' title='bbox 1246 681 1314 728; x_wconf 79' lang='lat' dir='ltr'>ita</span> <span class='ocrx_word' id='word_1_29' title='bbox 1380 686 1438 728; x_wconf 87' lang='lat' dir='ltr'>ut</span> <span class='ocrx_word' id='word_1_30' title='bbox 1503 677 1773 726; x_wconf 85' lang='lat' dir='ltr'>anterioris</span> <span class='ocrx_word' id='word_1_31' title='bbox 1812 690 2007 738; x_wconf 9' lang='lat' dir='ltr'>&#39;margo</span> 
     </span>
     <span class='ocr_line' id='line_1_6' title="bbox 371 761 2008 829; baseline -0.001 -19"><span class='ocrx_word' id='word_1_32' title='bbox 371 764 633 827; x_wconf 73' lang='lat' dir='ltr'>posterior</span> <span class='ocrx_word' id='word_1_33' title='bbox 649 765 910 828; x_wconf 87' lang='lat' dir='ltr'>sequentis</span> <span class='ocrx_word' id='word_1_34' title='bbox 931 765 1211 829; x_wconf 72' lang='lat' dir='ltr'>marginem</span> <span class='ocrx_word' id='word_1_35' title='bbox 1233 765 1538 813; x_wconf 77' lang='lat' dir='ltr'>anteriorem</span> <span class='ocrx_word' id='word_1_36' title='bbox 1556 761 1828 825; x_wconf 77' lang='lat' dir='ltr'>ultimique</span> <span class='ocrx_word' id='word_1_37' title='bbox 1846 763 2008 810; x_wconf 77' lang='lat' dir='ltr'>inter-</span> 
     </span>
     <span class='ocr_line' id='line_1_7' title="bbox 369 844 1955 914; baseline 0.001 -21"><span class='ocrx_word' id='word_1_38' title='bbox 369 846 671 912; x_wconf 68' lang='lat' dir='ltr'>operculum</span> <span class='ocrx_word' id='word_1_39' title='bbox 707 854 861 914; x_wconf 84' lang='lat' dir='ltr'>atque</span> <span class='ocrx_word' id='word_1_40' title='bbox 895 849 1293 913; x_wconf 80' lang='lat' dir='ltr'>suboperculum</span> <span class='ocrx_word' id='word_1_41' title='bbox 1328 847 1578 912; x_wconf 82' lang='lat' dir='ltr'>adtingat,</span> <span class='ocrx_word' id='word_1_42' title='bbox 1615 844 1955 909; x_wconf 81' lang='lat' dir='ltr'>colliguntur.</span> 
     </span>
    </p>

    <p class='ocr_par' dir='ltr' id='par_1_3' title="bbox 358 926 2014 1756">
     <span class='ocr_line' id='line_1_8' title="bbox 467 926 2006 998; baseline -0.001 -19"><span class='ocrx_word' id='word_1_43' title='bbox 467 931 722 995; x_wconf 64' lang='lat' dir='ltr'>Qzaeozizzor,</span> <span class='ocrx_word' id='word_1_44' title='bbox 778 948 908 998; x_wconf 82' lang='lat' dir='ltr'>quae</span> <span class='ocrx_word' id='word_1_45' title='bbox 965 940 1252 998; x_wconf 81' lang='lat' dir='ltr'>sequuntur</span> <span class='ocrx_word' id='word_1_46' title='bbox 1273 974 1284 992; x_wconf 90' lang='lat'>‚</span> <span class='ocrx_word' id='word_1_47' title='bbox 1349 934 1474 982; x_wconf 71' lang='lat' dir='ltr'>ossis</span> <span class='ocrx_word' id='word_1_48' title='bbox 1538 926 1733 993; x_wconf 70' lang='lat' dir='ltr'>lzyoidei</span> <span class='ocrx_word' id='word_1_49' title='bbox 1790 943 2006 987; x_wconf 64' lang='lat' dir='ltr'>cornua,</span> 
     </span>
     <span class='ocr_line' id='line_1_9' title="bbox 372 1009 2012 1078; baseline -0.002 -15"><span class='ocrx_word' id='word_1_50' title='bbox 372 1014 573 1076; x_wconf 75' lang='lat' dir='ltr'>(Arcus</span> <span class='ocrx_word' id='word_1_51' title='bbox 619 1016 978 1074; x_wconf 62' lang='lat' dir='ltr'>branchiales)</span> <span class='ocrx_word' id='word_1_52' title='bbox 1029 1033 1150 1067; x_wconf 87' lang='lat' dir='ltr'>cum</span> <span class='ocrx_word' id='word_1_53' title='bbox 1203 1018 1342 1066; x_wconf 88' lang='lat' dir='ltr'>illius</span> <span class='ocrx_word' id='word_1_54' title='bbox 1387 1016 1526 1064; x_wconf 86' lang='lat' dir='ltr'>ossis</span> <span class='ocrx_word' id='word_1_55' title='bbox 1583 1028 1801 1078; x_wconf 83' lang='lat' dir='ltr'>corpore</span> <span class='ocrx_word' id='word_1_56' title='bbox 1863 1009 2012 1069; x_wconf 86' lang='lat' dir='ltr'>infra,</span> 
     </span>
     <span class='ocr_line' id='line_1_10' title="bbox 367 1097 2010 1168; baseline -0.002 -22"><span class='ocrx_word' id='word_1_57' title='bbox 367 1114 517 1164; x_wconf 80' lang='lat' dir='ltr'>supra</span> <span class='ocrx_word' id='word_1_58' title='bbox 532 1107 703 1150; x_wconf 84' lang='lat' dir='ltr'>autem</span> <span class='ocrx_word' id='word_1_59' title='bbox 720 1102 938 1152; x_wconf 79' lang='lat' dir='ltr'>arcubus</span> <span class='ocrx_word' id='word_1_60' title='bbox 954 1101 1387 1168; x_wconf 82' lang='lat' dir='ltr'>anguliformibus</span> <span class='ocrx_word' id='word_1_61' title='bbox 1404 1099 1718 1150; x_wconf 85' lang='lat' dir='ltr'>constructis</span> <span class='ocrx_word' id='word_1_62' title='bbox 1738 1112 1856 1147; x_wconf 88' lang='lat' dir='ltr'>cum</span> <span class='ocrx_word' id='word_1_63' title='bbox 1878 1097 2010 1144; x_wconf 86' lang='lat' dir='ltr'>ossis</span> 
     </span>
     <span class='ocr_line' id='line_1_11' title="bbox 370 1177 2014 1252; baseline -0.002 -21"><span class='ocrx_word' id='word_1_64' title='bbox 370 1182 675 1248; x_wconf 81' lang='lat' dir='ltr'>sphenoidei</span> <span class='ocrx_word' id='word_1_65' title='bbox 722 1201 941 1252; x_wconf 86' lang='lat' dir='ltr'>corpore</span> <span class='ocrx_word' id='word_1_66' title='bbox 989 1188 1408 1251; x_wconf 66' lang='lat' dir='ltr'>conjunguntur,</span> <span class='ocrx_word' id='word_1_67' title='bbox 1463 1193 1878 1246; x_wconf 84' lang='lat' dir='ltr'>structuramque</span> <span class='ocrx_word' id='word_1_68' title='bbox 1909 1177 2014 1228; x_wconf 81' lang='lat' dir='ltr'>fere</span> 
     </span>
     <span class='ocr_line' id='line_1_12' title="bbox 364 1265 2009 1337; baseline -0.001 -24"><span class='ocrx_word' id='word_1_69' title='bbox 364 1267 591 1331; x_wconf 77' lang='lat' dir='ltr'>similem</span> <span class='ocrx_word' id='word_1_70' title='bbox 624 1268 832 1321; x_wconf 89' lang='lat' dir='ltr'>habent.</span> <span class='ocrx_word' id='word_1_71' title='bbox 901 1269 1115 1337; x_wconf 84' lang='lat' dir='ltr'>Singula</span> <span class='ocrx_word' id='word_1_72' title='bbox 1150 1286 1334 1320; x_wconf 88' lang='lat' dir='ltr'>eorum</span> <span class='ocrx_word' id='word_1_73' title='bbox 1368 1285 1504 1329; x_wconf 83' lang='lat' dir='ltr'>ossa,</span> <span class='ocrx_word' id='word_1_74' title='bbox 1539 1269 1781 1335; x_wconf 84' lang='lat' dir='ltr'>pleraque</span> <span class='ocrx_word' id='word_1_75' title='bbox 1813 1265 2009 1315; x_wconf 79' lang='lat' dir='ltr'>sulcata</span> 
     </span>
     <span class='ocr_line' id='line_1_13' title="bbox 364 1351 2007 1419; baseline 0 -21"><span class='ocrx_word' id='word_1_76' title='bbox 364 1351 536 1417; x_wconf 81' lang='lat' dir='ltr'>itaque</span> <span class='ocrx_word' id='word_1_77' title='bbox 569 1353 740 1418; x_wconf 88' lang='lat' dir='ltr'>posita</span> <span class='ocrx_word' id='word_1_78' title='bbox 773 1359 924 1416; x_wconf 78' lang='lat' dir='ltr'>sunt,</span> <span class='ocrx_word' id='word_1_79' title='bbox 959 1365 1020 1406; x_wconf 87' lang='lat' dir='ltr'>ut</span> <span class='ocrx_word' id='word_1_80' title='bbox 1054 1355 1187 1404; x_wconf 86' lang='lat' dir='ltr'>sulci</span> <span class='ocrx_word' id='word_1_81' title='bbox 1225 1355 1286 1404; x_wconf 89' lang='lat' dir='ltr'>ad</span> <span class='ocrx_word' id='word_1_82' title='bbox 1318 1352 1592 1404; x_wconf 80' lang='lat' dir='ltr'>extern&#39;um</span> <span class='ocrx_word' id='word_1_83' title='bbox 1625 1358 1895 1419; x_wconf 74' lang='lat' dir='ltr'>spectant3</span> <span class='ocrx_word' id='word_1_84' title='bbox 1929 1365 2007 1398; x_wconf 90' lang='lat' dir='ltr'>ar-</span> 
     </span>
     <span class='ocr_line' id='line_1_14' title="bbox 364 1434 2007 1505; baseline -0.001 -23"><span class='ocrx_word' id='word_1_85' title='bbox 364 1435 520 1485; x_wconf 79' lang='lat' dir='ltr'>teriae</span> <span class='ocrx_word' id='word_1_86' title='bbox 555 1436 706 1504; x_wconf 87' lang='lat' dir='ltr'>atque</span> <span class='ocrx_word' id='word_1_87' title='bbox 740 1455 939 1500; x_wconf 82' lang='lat' dir='ltr'>venae,</span> <span class='ocrx_word' id='word_1_88' title='bbox 987 1455 1118 1505; x_wconf 86' lang='lat' dir='ltr'>quae</span> <span class='ocrx_word' id='word_1_89' title='bbox 1150 1438 1416 1488; x_wconf 78' lang='lat' dir='ltr'>branchias</span> <span class='ocrx_word' id='word_1_90' title='bbox 1450 1440 1504 1488; x_wconf 91' lang='lat' dir='ltr'>in</span> <span class='ocrx_word' id='word_1_91' title='bbox 1536 1438 1804 1487; x_wconf 87' lang='lat' dir='ltr'>sulcorum</span> <span class='ocrx_word' id='word_1_92' title='bbox 1839 1434 2007 1483; x_wconf 90' lang='lat' dir='ltr'>cristis</span> 
     </span>
     <span class='ocr_line' id='line_1_15' title="bbox 363 1520 2008 1589; baseline 0 -22"><span class='ocrx_word' id='word_1_93' title='bbox 363 1520 566 1582; x_wconf 82' lang='lat' dir='ltr'>positas</span> <span class='ocrx_word' id='word_1_94' title='bbox 600 1522 826 1585; x_wconf 85' lang='lat' dir='ltr'>intrant,</span> <span class='ocrx_word' id='word_1_95' title='bbox 864 1540 958 1574; x_wconf 89' lang='lat' dir='ltr'>eos</span> <span class='ocrx_word' id='word_1_96' title='bbox 993 1530 1310 1589; x_wconf 82' lang='lat' dir='ltr'>percurrunt.</span> <span class='ocrx_word' id='word_1_97' title='bbox 1347 1549 1408 1559; x_wconf 84' lang='lat'>-</span> <span class='ocrx_word' id='word_1_98' title='bbox 1479 1522 1537 1572; x_wconf 88' lang='lat' dir='ltr'>In</span> <span class='ocrx_word' id='word_1_99' title='bbox 1572 1538 1782 1572; x_wconf 85' lang='lat' dir='ltr'>arcuum</span> <span class='ocrx_word' id='word_1_100' title='bbox 1818 1520 2008 1587; x_wconf 88' lang='lat' dir='ltr'>pariete</span> 
     </span>
     <span class='ocr_line' id='line_1_16' title="bbox 360 1603 2005 1673; baseline 0.001 -23"><span class='ocrx_word' id='word_1_101' title='bbox 360 1603 561 1654; x_wconf 81' lang='lat' dir='ltr'>interna</span> <span class='ocrx_word' id='word_1_102' title='bbox 594 1608 765 1672; x_wconf 91' lang='lat' dir='ltr'>spinas</span> <span class='ocrx_word' id='word_1_103' title='bbox 801 1624 978 1658; x_wconf 88' lang='lat' dir='ltr'>osseas</span> <span class='ocrx_word' id='word_1_104' title='bbox 1024 1608 1358 1658; x_wconf 83' lang='lat' dir='ltr'>denticulatas</span> <span class='ocrx_word' id='word_1_105' title='bbox 1393 1616 1445 1658; x_wconf 87' lang='lat' dir='ltr'>et</span> <span class='ocrx_word' id='word_1_106' title='bbox 1477 1626 1504 1656; x_wconf 91' lang='lat' dir='ltr'>a</span> <span class='ocrx_word' id='word_1_107' title='bbox 1538 1607 1802 1673; x_wconf 82' lang='lat' dir='ltr'>periosteo</span> <span class='ocrx_word' id='word_1_108' title='bbox 1837 1603 2005 1653; x_wconf 87' lang='lat' dir='ltr'>muni-</span> 
     </span>
     <span class='ocr_line' id='line_1_17' title="bbox 358 1689 2006 1756; baseline 0.002 -21"><span class='ocrx_word' id='word_1_109' title='bbox 358 1694 435 1736; x_wconf 88' lang='lat' dir='ltr'>tas</span> <span class='ocrx_word' id='word_1_110' title='bbox 462 1724 476 1748; x_wconf 86' lang='lat'><strong><em>‚</em></strong></span> <span class='ocrx_word' id='word_1_111' title='bbox 510 1704 641 1753; x_wconf 87' lang='lat' dir='ltr'>quae</span> <span class='ocrx_word' id='word_1_112' title='bbox 672 1691 851 1741; x_wconf 84' lang='lat' dir='ltr'>forsan</span> <span class='ocrx_word' id='word_1_113' title='bbox 883 1695 1116 1744; x_wconf 86' lang='lat' dir='ltr'>dentium</span> <span class='ocrx_word' id='word_1_114' title='bbox 1169 1692 1292 1741; x_wconf 86' lang='lat' dir='ltr'>loco</span> <span class='ocrx_word' id='word_1_115' title='bbox 1325 1692 1412 1741; x_wconf 85' lang='lat' dir='ltr'>hic</span> <span class='ocrx_word' id='word_1_116' title='bbox 1444 1691 1765 1756; x_wconf 79' lang='lat' dir='ltr'>funguntur,</span> <span class='ocrx_word' id='word_1_117' title='bbox 1801 1689 2006 1754; x_wconf 72' lang='lat' dir='ltr'>reperis,</span> 
     </span>
    </p>

    <p class='ocr_par' dir='ltr' id='par_1_4' title="bbox 354 1771 2005 2182">
     <span class='ocr_line' id='line_1_18' title="bbox 449 1771 2005 1843; baseline -0.002 -21"><span class='ocrx_word' id='word_1_118' title='bbox 449 1771 569 1823; x_wconf 84' lang='lat' dir='ltr'>Tali</span> <span class='ocrx_word' id='word_1_119' title='bbox 603 1777 765 1826; x_wconf 89' lang='lat' dir='ltr'>modo</span> <span class='ocrx_word' id='word_1_120' title='bbox 804 1787 1000 1841; x_wconf 83' lang='lat' dir='ltr'>parteS,</span> <span class='ocrx_word' id='word_1_121' title='bbox 1037 1793 1166 1843; x_wconf 84' lang='lat' dir='ltr'>quae</span> <span class='ocrx_word' id='word_1_122' title='bbox 1199 1793 1342 1827; x_wconf 75' lang='lat' dir='ltr'>arcus</span> <span class='ocrx_word' id='word_1_123' title='bbox 1378 1775 1696 1826; x_wconf 83' lang='lat' dir='ltr'>branchiales</span> <span class='ocrx_word' id='word_1_124' title='bbox 1731 1789 1849 1821; x_wconf 89' lang='lat' dir='ltr'>cum</span> <span class='ocrx_word' id='word_1_125' title='bbox 1885 1787 2005 1820; x_wconf 89' lang='lat' dir='ltr'>cor-</span> 
     </span>
     <span class='ocr_line' id='line_1_19' title="bbox 357 1860 2005 1928; baseline -0.001 -24"><span class='ocrx_word' id='word_1_126' title='bbox 357 1871 487 1920; x_wconf 84' lang='lat' dir='ltr'>pore</span> <span class='ocrx_word' id='word_1_127' title='bbox 519 1860 653 1907; x_wconf 86' lang='lat' dir='ltr'>ossis</span> <span class='ocrx_word' id='word_1_128' title='bbox 703 1861 1002 1927; x_wconf 87' lang='lat' dir='ltr'>sphenoidei</span> <span class='ocrx_word' id='word_1_129' title='bbox 1047 1862 1271 1928; x_wconf 80' lang='lat' dir='ltr'>jungunt</span> <span class='ocrx_word' id='word_1_130' title='bbox 1295 1898 1309 1917; x_wconf 94' lang='lat'><strong><em>,</em></strong></span> <span class='ocrx_word' id='word_1_131' title='bbox 1343 1876 1452 1910; x_wconf 88' lang='lat' dir='ltr'>non</span> <span class='ocrx_word' id='word_1_132' title='bbox 1486 1863 1817 1909; x_wconf 88' lang='lat' dir='ltr'>constructae</span> <span class='ocrx_word' id='word_1_133' title='bbox 1850 1863 2005 1915; x_wconf 73' lang='lat' dir='ltr'>sunt3</span> 
     </span>
     <span class='ocr_line' id='line_1_20' title="bbox 357 1935 2001 2012; baseline 0 -23"><span class='ocrx_word' id='word_1_134' title='bbox 357 1958 453 1989; x_wconf 88' lang='lat' dir='ltr'>nec</span> <span class='ocrx_word' id='word_1_135' title='bbox 485 1943 665 1991; x_wconf 88' lang='lat' dir='ltr'>sulcos</span> <span class='ocrx_word' id='word_1_136' title='bbox 692 1961 788 1994; x_wconf 88' lang='lat' dir='ltr'>nec</span> <span class='ocrx_word' id='word_1_137' title='bbox 823 1950 994 2010; x_wconf 85' lang='lat' dir='ltr'>spinas</span> <span class='ocrx_word' id='word_1_138' title='bbox 1034 1955 1248 2012; x_wconf 85' lang='lat' dir='ltr'>portant</span> <span class='ocrx_word' id='word_1_139' title='bbox 1276 1983 1289 2000; x_wconf 89' lang='lat'><em>,</em></span> <span class='ocrx_word' id='word_1_140' title='bbox 1335 1945 1520 1994; x_wconf 87' lang='lat' dir='ltr'>ceteris</span> <span class='ocrx_word' id='word_1_141' title='bbox 1555 1935 1826 2010; x_wconf 82' lang='lat' dir='ltr'>parviores</span> <span class='ocrx_word' id='word_1_142' title='bbox 1855 1957 2001 2005; x_wconf 75' lang='lat' dir='ltr'>mag-</span> 
     </span>
     <span class='ocr_line' id='line_1_21' title="bbox 354 2027 2002 2098; baseline 0 -25"><span class='ocrx_word' id='word_1_143' title='bbox 354 2041 553 2092; x_wconf 84' lang='lat' dir='ltr'>nopere</span> <span class='ocrx_word' id='word_1_144' title='bbox 583 2028 718 2078; x_wconf 89' lang='lat' dir='ltr'>inter</span> <span class='ocrx_word' id='word_1_145' title='bbox 749 2048 803 2079; x_wconf 86' lang='lat' dir='ltr'>se</span> <span class='ocrx_word' id='word_1_146' title='bbox 837 2033 1057 2086; x_wconf 82' lang='lat' dir='ltr'>variant,</span> <span class='ocrx_word' id='word_1_147' title='bbox 1092 2030 1310 2098; x_wconf 83' lang='lat' dir='ltr'>illaeque</span> <span class='ocrx_word' id='word_1_148' title='bbox 1342 2035 1570 2089; x_wconf 87' lang='lat' dir='ltr'>tantum,</span> <span class='ocrx_word' id='word_1_149' title='bbox 1605 2043 1736 2093; x_wconf 83' lang='lat' dir='ltr'>quae</span> <span class='ocrx_word' id='word_1_150' title='bbox 1765 2027 1820 2075; x_wconf 89' lang='lat' dir='ltr'>in</span> <span class='ocrx_word' id='word_1_151' title='bbox 1852 2034 2002 2074; x_wconf 86' lang='lat' dir='ltr'>utro-</span> 
     </span>
     <span class='ocr_line' id='line_1_22' title="bbox 358 2112 1536 2182; baseline 0.001 -23"><span class='ocrx_word' id='word_1_152' title='bbox 358 2126 458 2176; x_wconf 85' lang='lat' dir='ltr'>que</span> <span class='ocrx_word' id='word_1_153' title='bbox 491 2112 647 2162; x_wconf 85' lang='lat' dir='ltr'>latere</span> <span class='ocrx_word' id='word_1_154' title='bbox 679 2115 773 2164; x_wconf 85' lang='lat' dir='ltr'>sibi</span> <span class='ocrx_word' id='word_1_155' title='bbox 814 2117 1160 2182; x_wconf 79' lang='lat' dir='ltr'>respondent,</span> <span class='ocrx_word' id='word_1_156' title='bbox 1197 2112 1536 2164; x_wconf 83' lang='lat' dir='ltr'>conveniunt.</span> 
     </span>
    </p>

    <p class='ocr_par' dir='ltr' id='par_1_5' title="bbox 331 2191 1993 3276">
     <span class='ocr_line' id='line_1_23' title="bbox 447 2191 1993 2266; baseline -0.004 -21"><span class='ocrx_word' id='word_1_157' title='bbox 447 2194 624 2262; x_wconf 85' lang='lat' dir='ltr'>Cornu</span> <span class='ocrx_word' id='word_1_158' title='bbox 669 2200 953 2250; x_wconf 85' lang='lat' dir='ltr'>secundum</span> <span class='ocrx_word' id='word_1_159' title='bbox 1004 2209 1158 2266; x_wconf 86' lang='lat' dir='ltr'>atque</span> <span class='ocrx_word' id='word_1_160' title='bbox 1206 2199 1421 2248; x_wconf 85' lang='lat' dir='ltr'>tertium</span> <span class='ocrx_word' id='word_1_161' title='bbox 1465 2197 1659 2259; x_wconf 83' lang='lat' dir='ltr'>(Arcus</span> <span class='ocrx_word' id='word_1_162' title='bbox 1690 2191 1993 2245; x_wconf 87' lang='lat' dir='ltr'>branchialis</span> 
     </span>
     <span class='ocr_line' id='line_1_24' title="bbox 351 2280 1984 2349; baseline -0.004 -19"><span class='ocrx_word' id='word_1_163' title='bbox 351 2283 545 2347; x_wconf 75' lang='lat' dir='ltr'>primus</span> <span class='ocrx_word' id='word_1_164' title='bbox 595 2291 751 2346; x_wconf 83' lang='lat' dir='ltr'>atque</span> <span class='ocrx_word' id='word_1_165' title='bbox 805 2284 1088 2341; x_wconf 84' lang='lat' dir='ltr'>secundus)</span> <span class='ocrx_word' id='word_1_166' title='bbox 1138 2294 1357 2349; x_wconf 87' lang='lat' dir='ltr'>quatuor</span> <span class='ocrx_word' id='word_1_167' title='bbox 1407 2299 1437 2331; x_wconf 90' lang='lat' dir='ltr'>e</span> <span class='ocrx_word' id='word_1_168' title='bbox 1483 2280 1712 2346; x_wconf 86' lang='lat' dir='ltr'>partibus</span> <span class='ocrx_word' id='word_1_169' title='bbox 1761 2285 1984 2334; x_wconf 78' lang='lat' dir='ltr'>constat,</span> 
     </span>
     <span class='ocr_line' id='line_1_25' title="bbox 349 2367 1988 2433; baseline -0.001 -19"><span class='ocrx_word' id='word_1_170' title='bbox 349 2382 562 2432; x_wconf 84' lang='lat' dir='ltr'>quarum</span> <span class='ocrx_word' id='word_1_171' title='bbox 595 2376 761 2433; x_wconf 87' lang='lat' dir='ltr'>partes</span> <span class='ocrx_word' id='word_1_172' title='bbox 810 2371 1101 2419; x_wconf 82' lang='lat' dir='ltr'>articulares</span> <span class='ocrx_word' id='word_1_173' title='bbox 1148 2369 1329 2417; x_wconf 86' lang='lat' dir='ltr'>mediis</span> <span class='ocrx_word' id='word_1_174' title='bbox 1381 2367 1580 2416; x_wconf 85' lang='lat' dir='ltr'>similes</span> <span class='ocrx_word' id='word_1_175' title='bbox 1614 2376 1772 2423; x_wconf 86' lang='lat' dir='ltr'>sunt;</span> <span class='ocrx_word' id='word_1_176' title='bbox 1822 2374 1988 2411; x_wconf 87' lang='lat' dir='ltr'>cornu</span> 
     </span>
     <span class='ocr_line' id='line_1_26' title="bbox 350 2446 1990 2518; baseline -0.009 -13"><span class='ocrx_word' id='word_1_177' title='bbox 350 2457 590 2514; x_wconf 81' lang='lat' dir='ltr'>quartum</span> <span class='ocrx_word' id='word_1_178' title='bbox 625 2482 689 2492; x_wconf 94' lang='lat'>—-</span> <span class='ocrx_word' id='word_1_179' title='bbox 746 2455 964 2510; x_wconf 85' lang='lat' dir='ltr'>(Arcum</span> <span class='ocrx_word' id='word_1_180' title='bbox 1019 2453 1264 2514; x_wconf 83' lang='lat' dir='ltr'>tertium)</span> <span class='ocrx_word' id='word_1_181' title='bbox 1319 2460 1420 2501; x_wconf 88' lang='lat' dir='ltr'>tres</span> <span class='ocrx_word' id='word_1_182' title='bbox 1467 2459 1635 2518; x_wconf 80' lang='lat' dir='ltr'>partes</span> <span class='ocrx_word' id='word_1_183' title='bbox 1685 2446 1990 2501; x_wconf 84' lang='lat' dir='ltr'>conficiunt,</span> 
     </span>
     <span class='ocr_line' id='line_1_27' title="bbox 351 2532 1988 2602; baseline -0.002 -18"><span class='ocrx_word' id='word_1_184' title='bbox 351 2549 567 2598; x_wconf 84' lang='lat' dir='ltr'>quarum</span> <span class='ocrx_word' id='word_1_185' title='bbox 617 2537 800 2602; x_wconf 84' lang='lat' dir='ltr'>supina</span> <span class='ocrx_word' id='word_1_186' title='bbox 848 2553 1055 2602; x_wconf 82' lang='lat' dir='ltr'>quoque</span> <span class='ocrx_word' id='word_1_187' title='bbox 1100 2537 1327 2587; x_wconf 77' lang='lat' dir='ltr'>sulcatus</span> <span class='ocrx_word' id='word_1_188' title='bbox 1380 2544 1489 2596; x_wconf 80' lang='lat' dir='ltr'>est3</span> <span class='ocrx_word' id='word_1_189' title='bbox 1552 2550 1715 2584; x_wconf 87' lang='lat' dir='ltr'>cornu</span> <span class='ocrx_word' id='word_1_190' title='bbox 1748 2532 1988 2598; x_wconf 84' lang='lat' dir='ltr'>quintum</span> 
     </span>
     <span class='ocr_line' id='line_1_28' title="bbox 347 2620 1990 2686; baseline -0.002 -18"><span class='ocrx_word' id='word_1_191' title='bbox 347 2634 391 2668; x_wconf 84' lang='lat' dir='ltr'>s.</span> <span class='ocrx_word' id='word_1_192' title='bbox 425 2635 571 2669; x_wconf 86' lang='lat' dir='ltr'>arcus</span> <span class='ocrx_word' id='word_1_193' title='bbox 606 2629 818 2685; x_wconf 90' lang='lat' dir='ltr'>quartus</span> <span class='ocrx_word' id='word_1_194' title='bbox 870 2629 1010 2686; x_wconf 86' lang='lat' dir='ltr'>parte</span> <span class='ocrx_word' id='word_1_195' title='bbox 1060 2620 1317 2671; x_wconf 86' lang='lat' dir='ltr'>articulari</span> <span class='ocrx_word' id='word_1_196' title='bbox 1367 2625 1595 2686; x_wconf 84' lang='lat' dir='ltr'>separata</span> <span class='ocrx_word' id='word_1_197' title='bbox 1627 2622 1764 2668; x_wconf 85' lang='lat' dir='ltr'>caret</span> <span class='ocrx_word' id='word_1_198' title='bbox 1791 2651 1803 2672; x_wconf 89' lang='lat'>‚</span> <span class='ocrx_word' id='word_1_199' title='bbox 1839 2627 1990 2677; x_wconf 78' lang='lat' dir='ltr'>supra</span> 
     </span>
     <span class='ocr_line' id='line_1_29' title="bbox 347 2694 1990 2772; baseline -0.002 -21"><span class='ocrx_word' id='word_1_200' title='bbox 347 2712 521 2753; x_wconf 85' lang='lat' dir='ltr'>autem</span> <span class='ocrx_word' id='word_1_201' title='bbox 548 2707 648 2754; x_wconf 82' lang='lat' dir='ltr'>ossi</span> <span class='ocrx_word' id='word_1_202' title='bbox 672 2705 967 2772; x_wconf 68' lang='lat' dir='ltr'>plmrngeo</span> <span class='ocrx_word' id='word_1_203' title='bbox 996 2707 1245 2772; x_wconf 60' lang='lat' dir='ltr'>superiori</span> <span class='ocrx_word' id='word_1_204' title='bbox 1273 2707 1535 2768; x_wconf 70' lang='lat' dir='ltr'>posteriori</span> <span class='ocrx_word' id='word_1_205' title='bbox 1559 2704 1824 2769; x_wconf 85' lang='lat' dir='ltr'>jungitur,</span> <span class='ocrx_word' id='word_1_206' title='bbox 1849 2694 1990 2761; x_wconf 83' lang='lat' dir='ltr'>quod</span> 
     </span>
     <span class='ocr_line' id='line_1_30' title="bbox 343 2786 1983 2857; baseline -0.005 -22"><span class='ocrx_word' id='word_1_207' title='bbox 343 2787 664 2853; x_wconf 86' lang='lat' dir='ltr'>reliquorum</span> <span class='ocrx_word' id='word_1_208' title='bbox 697 2806 904 2840; x_wconf 88' lang='lat' dir='ltr'>arcuum</span> <span class='ocrx_word' id='word_1_209' title='bbox 941 2793 1072 2857; x_wconf 87' lang='lat' dir='ltr'>parti</span> <span class='ocrx_word' id='word_1_210' title='bbox 1128 2792 1379 2839; x_wconf 77' lang='lat' dir='ltr'>articulari</span> <span class='ocrx_word' id='word_1_211' title='bbox 1415 2786 1739 2849; x_wconf 77' lang='lat' dir='ltr'>sphenoidali</span> <span class='ocrx_word' id='word_1_212' title='bbox 1770 2795 1983 2845; x_wconf 85' lang='lat' dir='ltr'>respon-</span> 
     </span>
     <span class='ocr_line' id='line_1_31' title="bbox 345 2867 1989 2941; baseline -0.007 -20"><span class='ocrx_word' id='word_1_213' title='bbox 345 2872 433 2922; x_wconf 90' lang='lat' dir='ltr'>det</span> <span class='ocrx_word' id='word_1_214' title='bbox 481 2874 543 2923; x_wconf 90' lang='lat' dir='ltr'>ad</span> <span class='ocrx_word' id='word_1_215' title='bbox 598 2882 651 2924; x_wconf 87' lang='lat' dir='ltr'>et</span> <span class='ocrx_word' id='word_1_216' title='bbox 684 2878 966 2941; x_wconf 81' lang='lat' dir='ltr'>marginem</span> <span class='ocrx_word' id='word_1_217' title='bbox 1017 2891 1164 2926; x_wconf 89' lang='lat' dir='ltr'>suam</span> <span class='ocrx_word' id='word_1_218' title='bbox 1210 2879 1460 2926; x_wconf 88' lang='lat' dir='ltr'>internam</span> <span class='ocrx_word' id='word_1_219' title='bbox 1503 2888 1654 2940; x_wconf 81' lang='lat' dir='ltr'>atque</span> <span class='ocrx_word' id='word_1_220' title='bbox 1689 2867 1989 2920; x_wconf 88' lang='lat' dir='ltr'>crassiorem</span> 
     </span>
     <span class='ocr_line' id='line_1_32' title="bbox 347 2951 1982 3027; baseline -0.006 -23"><span class='ocrx_word' id='word_1_221' title='bbox 347 2956 590 3006; x_wconf 87' lang='lat' dir='ltr'>laminam</span> <span class='ocrx_word' id='word_1_222' title='bbox 648 2974 850 3010; x_wconf 83' lang='lat' dir='ltr'>osseam</span> <span class='ocrx_word' id='word_1_223' title='bbox 903 2977 1144 3027; x_wconf 81' lang='lat' dir='ltr'>parvam,</span> <span class='ocrx_word' id='word_1_224' title='bbox 1218 2960 1412 3010; x_wconf 86' lang='lat' dir='ltr'>multos</span> <span class='ocrx_word' id='word_1_225' title='bbox 1456 2962 1635 3009; x_wconf 86' lang='lat' dir='ltr'>dentes</span> <span class='ocrx_word' id='word_1_226' title='bbox 1679 2951 1882 3018; x_wconf 89' lang='lat' dir='ltr'>duplice</span> <span class='ocrx_word' id='word_1_227' title='bbox 1932 2953 1982 2994; x_wconf 88' lang='lat' dir='ltr'>in</span> 
     </span>
     <span class='ocr_line' id='line_1_33' title="bbox 338 3035 1982 3112; baseline -0.007 -20"><span class='ocrx_word' id='word_1_228' title='bbox 338 3041 473 3092; x_wconf 87' lang='lat' dir='ltr'>serie</span> <span class='ocrx_word' id='word_1_229' title='bbox 559 3045 825 3094; x_wconf 82' lang='lat' dir='ltr'>ordinatos</span> <span class='ocrx_word' id='word_1_230' title='bbox 879 3051 1170 3109; x_wconf 81' lang='lat' dir='ltr'>gerentem,</span> <span class='ocrx_word' id='word_1_231' title='bbox 1221 3054 1420 3112; x_wconf 90' lang='lat' dir='ltr'>portat,</span> <span class='ocrx_word' id='word_1_232' title='bbox 1469 3045 1684 3094; x_wconf 90' lang='lat' dir='ltr'>alterum</span> <span class='ocrx_word' id='word_1_233' title='bbox 1718 3035 1857 3104; x_wconf 89' lang='lat' dir='ltr'>quod</span> <span class='ocrx_word' id='word_1_234' title='bbox 1889 3035 1982 3082; x_wconf 84' lang='lat' dir='ltr'>mi-</span> 
     </span>
     <span class='ocr_line' id='line_1_34' title="bbox 343 3124 1977 3197; baseline -0.001 -22"><span class='ocrx_word' id='word_1_235' title='bbox 343 3142 441 3176; x_wconf 86' lang='lat' dir='ltr'>nus</span> <span class='ocrx_word' id='word_1_236' title='bbox 475 3135 630 3197; x_wconf 83' lang='lat' dir='ltr'>atque</span> <span class='ocrx_word' id='word_1_237' title='bbox 663 3127 964 3179; x_wconf 88' lang='lat' dir='ltr'>edentulum</span> <span class='ocrx_word' id='word_1_238' title='bbox 998 3136 1101 3188; x_wconf 87' lang='lat' dir='ltr'>est,</span> <span class='ocrx_word' id='word_1_239' title='bbox 1138 3130 1268 3180; x_wconf 84' lang='lat' dir='ltr'>inter</span> <span class='ocrx_word' id='word_1_240' title='bbox 1303 3145 1477 3181; x_wconf 81' lang='lat' dir='ltr'>arcum</span> <span class='ocrx_word' id='word_1_241' title='bbox 1508 3124 1792 3179; x_wconf 82' lang='lat' dir='ltr'>secundum</span> <span class='ocrx_word' id='word_1_242' title='bbox 1828 3126 1977 3183; x_wconf 79' lang='lat' dir='ltr'>atque</span> 
     </span>
     <span class='ocr_line' id='line_1_35' title="bbox 331 3210 719 3276; baseline 0.013 -19"><span class='ocrx_word' id='word_1_243' title='bbox 331 3210 539 3262; x_wconf 85' lang='lat' dir='ltr'>tertium</span> <span class='ocrx_word' id='word_1_244' title='bbox 571 3212 719 3276; x_wconf 74' lang='lat' dir='ltr'>jacet.</span> 
     </span>
    </p>
   </div>
  </div>
 </body>
</html>
