2064 3706
367 247 444 306 ΑΟ

465 387 696 440 Secunda
730 385 827 434 vix
855 385 1187 448 sequentibus
1219 385 1417 453 major,
1461 380 1682 452 ideoque
1711 389 1871 453 ⁴priori
1905 393 2003 440 ιὀἰςό

373 489 469 524 nor
502 478 599 522 est.
642 500 696 507 -
731 465 912 531 Figura
945 483 1153 535 quoque
1186 469 1297 536 ejus
1330 470 1512 521 ceteris
1545 471 1800 532 similior,
1850 488 2003 538 quam

370 554 722 622 praecedenti;
756 553 1008 602 cavitates
1034 552 1540 613 infundibuliformes
1573 556 1707 606 inter
1739 571 1793 607 se
1827 572 2004 621 aequa-

373 641 446 690 les
479 648 615 695 sunt.
644 666 693 675 -ο
738 637 907 686 Massa
939 635 1025 685 illa
1058 654 1224 687 conos
1259 638 1623 705 circumjacens
1649 640 1913 699 cellulosa,
1949 640 2004 692 in

371 732 512 792 parte
545 740 636 774 sua
670 722 920 789 superiori
955 720 1124 772 fossas
1158 723 1309 776 habet
1343 722 1578 784 easdem,
1613 740 1758 774 arcus
1794 729 1848 773 et
1879 739 2002 788 pro-

374 824 551 858 cessus
586 808 785 874 spinosi
813 806 1025 855 secundi
1060 807 1281 873 capitula
1312 807 1616 873 recipientes
1650 807 1883 874 lineaque
1917 823 2006 857 os-

381 892 467 943 sea
500 900 769 959 separatas,
867 889 922 939 ln
957 900 1098 957 parte
1131 908 1222 942 sua
1278 891 1509 954 inferiori
1567 908 1664 961 pro
1707 891 2007 943 eminentiis

372 976 475 1026 illis
520 974 973 1026 taeniaeformibus
1017 978 1424 1043 protuberantias
1468 976 1714 1043 quasdam
1757 977 2007 1027 rotundas

373 1062 690 1127 reperimus,
739 1076 869 1129 quae
911 1061 966 1109 in
999 1061 1252 1127 exemplis
1287 1061 1554 1111 nonnullis
1601 1061 1848 1127 globulos
1886 1076 2010 1127 pro-

370 1146 508 1212 prios
541 1144 801 1205 formant,
847 1151 1111 1196 costarum
1152 1147 1389 1211 capitulis
1440 1147 1847 1207 convenienteS,
1893 1163 2013 1197 nam

371 1229 600 1279 articulis
650 1228 871 1280 mobiles
918 1237 972 1281 et
1017 1230 1314 1294 ligamentis
1359 1231 1704 1296 capsularibus
1747 1234 1802 1281 in
1845 1231 2007 1285 fossis

370 1315 593 1379 propriis
638 1312 970 1372 confirmatae
1017 1322 1156 1364 sunt.
1240 1314 1382 1364 Haec
1425 1317 1809 1379 protuberantia
1856 1318 2015 1368 inter*

370 1399 490 1447 dum
525 1412 635 1446 uno
669 1398 725 1446 in
759 1399 1024 1449 vertebrae
1058 1398 1215 1448 latere
1247 1398 1460 1449 mobilis
1493 1405 1546 1448 et
1580 1401 1904 1467 separabilis,
1956 1402 2010 1451 in

369 1480 522 1531 altera
559 1496 689 1531 vero
723 1482 905 1535 adnata
937 1490 1032 1534 est.

437 1566 636 1615 Canalis
674 1565 762 1616 ille
795 1582 1053 1617 conorum
1085 1570 1337 1619 cavitates
1371 1568 1734 1634 conjungenS,
1765 1569 1870 1634 jam
1905 1586 2014 1620 arn-.-

369 1650 503 1715 plior
537 1650 759 1716 ideoque
792 1652 1078 1702 observatu
1111 1653 1315 1703 facilior
1348 1661 1441 1702 est.

466 1736 522 1784 ln
557 1735 793 1785 vertebra
824 1734 921 1785 hac
953 1738 1177 1787 secunda
1211 1751 1515 1801 processum
1543 1737 1815 1802 spinosum
1853 1742 2006 1801 atque

367 1828 749 1880 transversum,
784 1819 986 1879 nullum
1015 1837 1146 1881 vero
1177 1820 1445 1888 obliquum
1473 1821 1772 1887 nullamque
1802 1832 2005 1872 costam

368 1903 764 1954 animadvertas,

460 2021 507 2074 2.
583 2022 851 2074 Vertebme
882 2028 1114 2075 costuma.

463 2126 572 2176 Hae
603 2133 755 2183 sunt,
791 2143 921 2194 quae
947 2134 1121 2178 costas
1160 2132 1370 2195 portant
1407 2133 1459 2177 et
1492 2141 1582 2177 seu
1606 2128 1856 2179 vertebrae
1890 2126 2009 2179 οἷον·ἓ

372 2209 497 2257 mles
531 2225 622 2259 seu
649 2213 984 2264 abdommales
1015 2213 1366 2263 nominantur.

466 2313 656 2365 Earum
691 2317 926 2379 definitio
960 2320 1175 2370 nomine
1206 2318 1425 2384 adparet.

434 2419 541 2474 Cel.
567 2420 851 2470 Rosenthal
878 2429 924 2484 ¹)
942 2423 1032 2473 has
1047 2426 1101 2483 in
1118 2424 1379 2475 verteb‘ras
1400 2421 1629 2483 dorsales
1643 2429 1697 2482 et
1709 2423 1881 2473 anales
1897 2424 2002 2477 dis-

370 2504 567 2562 cernit3
603 2506 734 2561 illae,
770 2523 989 2574 quarum
1002 2517 1184 2559 costae
1200 2508 1434 2575 capitulis
1452 2508 1734 2558 articulatis
1752 2509 2005 2559 vertebris

368 2588 642 2639 immersae
661 2626 673 2649 ,
723 2590 822 2641 hae
867 2609 1085 2659 quarum
1117 2600 1298 2644 costae
1329 2593 1622 2659 ligamentis
1651 2598 1851 2642 tantum
1893 2593 2007 2658 plus

372 2672 620 2724 minusve
662 2676 882 2728 mobiles
905 2716 918 2739 ,
984 2677 1338 2729 inarticulatae
1385 2678 1448 2735 ad
1482 2678 1834 2739 vertebrarum
1885 2693 2008 2742 pro-

371 2771 542 2806 cessus
575 2759 828 2823 quosdam
858 2761 1043 2813 affixae
1074 2772 1211 2813 sunt.
1620 2746 1621 2749 Ἴ

463 2840 595 2891 Cum
624 2842 804 2894 harum
841 2862 1049 2914 quoque
1081 2855 1260 2898 costae
1288 2861 1397 2896 non
1423 2848 1596 2897 minus
1632 2860 1786 2912 quam
1804 2844 2009 2897 illarum

369 2927 430 2972 ad
457 2940 643 2975 cavum
674 2929 963 2991 abdominis
983 2931 1314 2986 formandum
1336 2930 1634 2998 proficiunt,
1661 2945 2009 2998 numerusque

435 3159 480 3210 1)
513 3158 651 3208 Reil's
674 3175 715 3207 et
735 3162 1033 3224 Autenrietlv‘s
1060 3167 1224 3212 Archiv
1250 3166 1622 3225 fr'irPhysiologie,
1656 3170 1706 3216 Τ.
1729 3169 1786 3212 Χ.
1821 3181 1867 3223 p,
1891 3161 1999 3212 340.
