2064 3706
356 267 436 324 28

447 403 620 457 Partes
659 404 836 455 ambae
884 401 1265 469 condyloideae
1308 403 1542 454 foramen
1583 403 1822 470 occipitis
1858 403 2003 468 mag-'-

353 504 483 541 num
516 489 688 538 limbis
726 488 834 537 suis
867 486 1086 537 internis
1125 489 1343 538 sinuatis
1386 487 1703 547 conficiunt,
1748 486 2003 537 medullae

354 573 542 639 spinali
574 573 836 640 pervium.
901 570 984 620 Ad
1019 588 1195 621 earum
1241 576 1452 623 cristam
1492 589 1643 639 supra
1678 571 2006 621 comemora-

353 663 461 708 tam
485 664 754 707 externam
782 655 1018 706 foramen
1049 672 1270 706 nervum
1301 672 1498 721 vagum
1521 656 1844 716 transmittit,
1880 670 2007 721 pau-

353 740 626 806 lulumque
664 746 812 790 antea
853 740 1070 791 alterum
1105 747 1157 790 et
1197 756 1419 806 parvum
1460 742 1798 807 conspicuum
1830 750 1936 797 est,
1975 738 2005 788 e

354 838 463 890 quo
515 839 716 875 nervus
754 824 1307 892 glossopharyngeuS,
1361 826 1415 874 in
1455 824 1773 889 pharyngem
1810 821 2011 871 solum-

355 907 521 957 modo
557 923 616 959 se
649 910 971 969 immittenS,
1021 909 1377 960 verisimiliter
1416 908 1701 973 egreditur,
1752 909 1807 957 in
1844 906 2010 957 limbo

354 1006 487 1042 vero
521 991 730 1044 interno
764 993 1000 1045 foramen
1036 991 1449 1060 condyloideum
1485 993 1772 1043 invenitur.

450 1135 506 1184 4.
552 1134 612 1183 5.
678 1121 740 1172 In
795 1121 899 1172 illis
946 1120 1228 1173 tuberculis
1274 1137 1300 1170 e
1350 1119 1579 1187 partibus
1643 1115 2012 1184 condyloideis

363 1204 746 1263 eminentibus,
823 1220 952 1270 quae
1002 1203 1437 1270 conjunctionem
1485 1220 1606 1253 cum
1656 1205 2010 1253 vertebrarum

357 1288 522 1352 prima
561 1289 866 1348 conficiunt,
903 1288 1134 1337 ossicula
1157 1289 1360 1348 tenuia,
1401 1286 1736 1354 longiuscula
1770 1284 2009 1352 capitulis

356 1372 580 1436 propriis
615 1372 869 1429 insident,
929 1387 1154 1436 quorum
1203 1389 1458 1439 corpora,
1515 1372 1688 1420 cristis
1732 1387 1856 1437 quas
1891 1384 2015 1434 pro-

359 1470 535 1505 cessus
568 1457 772 1522 spinosi
819 1455 1049 1506 formant
1080 1456 1400 1516 conformia,
1450 1455 1729 1506 medullam
1759 1453 2015 1522 spitialem

359 1555 390 1588 e
421 1536 679 1589 foramine
720 1555 916 1605 magno
956 1540 1324 1605 procedentem
1364 1547 1571 1606 tegunt.

455 1669 510 1716 6.
564 1680 617 1732 ἶ.
685 1666 810 1727 Quo
861 1668 917 1716 in
955 1667 1080 1717 loco
1116 1684 1229 1736 pars
1274 1684 1505 1735 quaeque
1549 1665 1897 1734 condyloidea
1947 1680 2014 1715 os

359 1750 710 1801 mastoideum
750 1768 969 1818 parsque
1004 1762 1211 1818 petrosa
1247 1752 1484 1818 superior
1521 1753 1658 1802 inter
1696 1767 1753 1800 se
1790 1748 2016 1815 conjun-

360 1842 584 1899 guntur,
623 1835 912 1885 ossiculum
932 1838 1138 1893 <mitrale
1164 1836 1378 1895 insidet,
1415 1837 1566 1901 cujus
1599 1836 1768 1901 cuspis
1799 1834 2013 1893 eminet,

359 1918 811 1985 cujusqueparies
847 1922 1048 1971 interna
1089 1922 1326 1989 depressa
1360 1921 1565 1972 ossium
1607 1920 1822 1972 illorum
1864 1923 2014 1969 sutu-

366 2018 475 2056 ram
510 2003 773 2071 contegit.
1496 2000 1507 2007 ‘

459 2156 513 2207 8.
547 2166 598 2213 9.
665 2149 840 2202 Partes
877 2157 1102 2219 petrosae
1132 2155 1425 2220 superiores,

674 2241 991 2310 (Occipitale
1019 2245 1257 2311 superius
1297 2240 1508 2292 laterale
1547 2239 1782 2304 Meckel.)

665 2327 812 2386 (Pars
845 2335 1054 2395 petrosa
1087 2328 1228 2395 Boj.)

465 2431 830 2498 Quodcunque
863 2433 1052 2483 horum
1091 2435 1291 2482 ossium
1325 2447 1547 2498 corpore
1587 2448 1687 2482 suo
1727 2432 2014 2498 irregulari,

371 2517 586 2582 ejusque
608 2518 994 2583 protuberantia
1031 2518 1182 2567 brevi
1218 2526 1372 2582 atque
1409 2532 1659 2582 processu
1697 2518 1758 2567 ad
1791 2517 2017 2569 adultam

371 2607 592 2651 aetatem
636 2617 803 2667 usque
836 2603 1178 2668 cartilagineo
1216 2604 1381 2666 longo
1420 2608 1474 2649 et
1506 2616 1744 2667 prorsum
1788 2610 2015 2652 extenso

369 2684 578 2751 insigne
615 2695 713 2738 est.
763 2718 829 2728 —-
879 2687 1298 2738 Protuberantias
1342 2685 1467 2734 duas
1511 2687 1687 2751 spinae
1746 2687 2009 2752 occipitali

371 2771 642 2836 proximas
674 2772 922 2825 formant.

467 2853 560 2905 Per
602 2856 837 2922 corporis
884 2858 1138 2922 margines
1182 2855 1418 2905 dentatas
1462 2854 1646 2905 subtus
1689 2860 1890 2919 partem
1935 2855 2017 2903 sui

372 2935 547 2989 lateris
586 2941 1010 3008 condyloideam,
1047 2949 1199 2990 extra
1232 2946 1427 3005 partem
1458 2940 1594 2987 ossis
1621 2925 1895 2988 mastoidei
1921 2954 2019 3004 po·

371 3023 668 3084 steriorem,
702 3026 986 3075 introrsum
1013 3033 1188 3075 autem
1217 3039 1483 3090 squamam
1507 3023 1746 3088 occipitis
1782 3021 2016 3088 attingit.

375 3104 643 3168 Suturam,
696 3126 824 3177 quae
861 3126 1127 3177 squamam
1171 3125 1291 3158 cum
1336 3114 1480 3174 parte
1510 3114 1714 3172 petrosa
1754 3113 2017 3173 superiore

377 3191 681 3262 conjungit.
714 3212 777 3246 os
807 3196 1086 3262 bregmatis
1127 3210 1197 3245 ex
1241 3207 1383 3260 parte
1415 3193 1667 3258 contegit.
