2064 3706
388 254 461 308 18

369 393 624 458 cipueque
651 385 923 441 Salmones
944 432 956 452 ,
985 409 1092 444 ova
1126 403 1327 460 partum
1364 394 1647 458 quotannis
1683 393 1924 446 veniunt.
1961 420 2018 435 *ἡ

369 475 532 537 Quod
564 489 696 525 vero
734 474 798 525 de
824 476 1091 526 montium
1119 477 1307 527 rivulis
1331 476 1391 526 ad
1425 478 1643 528 vallium
1677 484 1829 544 atque
1858 479 2023 546 plani-

368 560 461 610 tiei
498 559 653 608 rivos
697 558 1002 625 fluviosque
1036 560 1378 620 descendunt,
1424 577 1521 627 pro
1552 562 1878 630 profectione
1912 577 2022 613 non

370 645 667 695 habendum
697 652 804 702 est,
841 645 960 709 quia
994 642 1252 692 talimodo
1275 660 1442 710 neque
1472 661 1721 711 magnum
1754 653 2026 711 pernatant

367 730 592 795 spatium
645 743 814 793 neque
848 728 1180 794 propositum
1224 726 1416 779 habent
1448 729 1686 795 aliquod,
1737 730 1825 780 sed
1860 717 2027 782 undae

367 830 466 864 eos
510 814 741 878 agitant,
789 828 881 862 seu
919 812 1182 877 proluvies
1232 828 1325 861 eos
1369 813 1678 880 proripiunt.
1713 810 1769 852 -ὲ
1807 813 2024 880 Saepius

367 898 576 964 quidem
609 902 970 956 revertuntur,
1005 911 1173 962 neque
1205 912 1338 947 vero
1377 904 1481 946 tam
1519 905 1663 948 certo
1703 907 1764 949 ut
1795 899 1882 949 alii
1915 898 2029 950 Sal-2·

332 1037 333 1040 Ἴ
367 998 588 1031 monum
610 1017 624 1041 ,
659 996 828 1047 neque
854 981 1007 1031 certis
1047 982 1365 1047 temporibus
1392 981 1532 1032 anni.

458 1066 542 1116 Ob
574 1081 735 1130 aquae
767 1065 1084 1114 inaccessam
1122 1071 1358 1115 naturam
1397 1073 1452 1116 et
1490 1068 1755 1133 proprium
1789 1068 2013 1134 piscium

365 1151 685 1218 propagandi
738 1148 955 1197 modum
996 1165 1154 1214 pauca
1205 1153 1399 1200 scimus
1446 1150 1510 1200 de
1545 1148 1769 1216 piscium
1801 1150 2028 1216 ideoque

364 1244 418 1286 et
452 1235 682 1285 Farionis
721 1233 977 1282 instinctu
1009 1230 1477 1301 functionibusque
1504 1250 1683 1286 sexus,

463 1319 690 1375 Omnia,
740 1332 875 1382 quae
926 1317 1153 1377 scimus,
1203 1320 1321 1384 plus
1365 1320 1616 1370 minusve
1663 1320 1721 1368 in
1762 1332 1852 1380 ea,
1900 1334 2030 1386 quae

369 1403 660 1470 piscatores
688 1399 948 1458 referunt,
992 1402 1155 1450 rarius
1184 1402 1238 1450 in
1275 1404 1603 1453 eruditorum
1641 1411 1857 1454 naturae
1891 1414 2036 1455 scru-

369 1494 603 1539 tatorum
651 1484 1093 1551 investigationes
1136 1493 1291 1549 atque
1336 1486 1734 1536 observationes
1772 1489 2031 1539 nituntur.

365 1571 529 1623 Piscis
564 1576 749 1619 noster
784 1585 948 1632 aeque
981 1587 1040 1619 ac
1077 1569 1163 1618 alii
1196 1571 1362 1635 pisces
1404 1571 1574 1630 ossei,
1608 1559 1790 1621 revera
1827 1572 2030 1622 coitum

363 1670 481 1706 *non
531 1661 768 1713 exercet3
819 1652 932 1719 ejus
982 1655 1216 1719 corporis
1261 1661 1547 1716 structura,
1598 1655 1741 1720 quod
1784 1657 2032 1706 membris

371 1740 618 1791 omnibus
662 1738 926 1798 externiS,
977 1727 1283 1803 complexui
1327 1745 1481 1804 atque
1519 1740 1849 1804 generationi
1892 1740 2032 1790 dica-

363 1825 450 1885 tis,
486 1829 641 1882 caret,
677 1822 987 1887 opinionem
1012 1821 1155 1870 illam
1199 1814 1337 1871 sicut
1364 1823 1690 1890 experientia
1726 1825 2025 1884 coufirmat,¹

453 1902 538 1957 Ne
567 1900 879 1970 conjugium
915 1906 1155 1969 quidem,
1200 1922 1293 1955 seu
1321 1922 1611 1957 consensus
1651 1909 1789 1959 inter
1831 1926 2027 1962 marem

369 1992 760 2053 foeminamque
791 1987 1071 2038 Farionum
1097 1991 1157 2039 ad
1185 1991 1563 2055 procreandum
1596 1997 1649 2042 et
1691 1994 1749 2043 ad
1769 1995 2031 2060 procreati

369 2075 810 2126 sustentationem
837 2072 1182 2124 animadverti
1215 2083 1419 2139 potest,
1456 2091 1574 2124 cum
1613 2075 1903 2127 foeminam
1938 2095 2029 2145 pa-

368 2161 650 2210 turientem
676 2157 850 2225 plures
875 2168 1075 2222 semper
1103 2173 1267 2207 mares
1293 2165 1589 2223 sequa-ntur.
1610 2179 1675 2196 —-
1707 2160 1870 2222 Quod
1895 2179 2029 2213 vero

369 2261 533 2294 mares
567 2240 762 2302 allicit,
796 2239 1050 2292 foeminas
1085 2247 1289 2290 tan-tum
1309 2278 1321 2300 ,
1359 2257 1682 2309 nequaquam
1715 2237 1890 2296 autem
1914 2264 2026 2298 rna-³

369 2345 453 2380 res
481 2330 655 2394 sequi,
692 2326 936 2393 quodque
970 2341 1062 2375 eos
1079 2360 1093 2384 ,-
1125 2327 1471 2390 paturientem
1499 2326 1788 2377 foeminam
1822 2346 1850 2378 a
1889 2344 2029 2381 mare

370 2413 646 2480 parimodo
681 2412 788 2464 fere
815 2425 986 2459 crasso
1017 2408 1365 2475 distinguere,
1402 2419 1555 2476 aptos
1585 2412 1782 2471 reddit,
1818 2412 1881 2463 ad
1916 2416 2027 2464 ani-

369 2498 585 2549 malium
616 2496 923 2547 instinctum
958 2494 1138 2544 referri
1176 2495 1342 2546 debet.
1405 2495 1603 2545 Forsan
1645 2502 1698 2545 et
1733 2495 1906 2563 liquor
1937 2500 2029 2549 ille

369 2585 425 2634 in
461 2575 756 2633 abdominis
809 2595 945 2630 cavo
1001 2585 1262 2638 secretu3‚
1313 2579 1811 2640 oleosoamueosuS,
1863 2582 2029 2633 odore

371 2683 472 2717 suo
511 2665 754 2734 peculiari
778 2664 992 2714 marium·
1034 2679 1218 2714 sensus
1247 2663 1422 2722 afficit,
1460 2666 1602 2731 quod
1636 2665 1699 2715 de
1732 2665 1938 2731 liquore
1971 2669 2028 2716 iri

371 2751 675 2801 animalium
704 2747 929 2799 aliorum
967 2750 1276 2816 genitalibus
1315 2755 1521 2801 secreto
1559 2748 1805 2800 omnibus
1841 2753 2028 2817 cogni-

369 2842 487 2884 turn
524 2842 618 2885 est.

464 2919 861 2986 Propagationis
893 2917 1119 2969 facultas
1162 2916 1295 2984 apud
1321 2916 1567 2970 Fariones
1610 2917 1715 2985 jam
1758 2914 1812 2970 in
1850 2926 2019 2973 aetate

373 3003 559 3071 puerili
599 3011 940 3053 maturescere
983 3003 1220 3061 videtum
1280 3015 1398 3052 nam
1446 3005 1501 3053 in
1539 3003 1760 3054 Farione
1793 3007 2020 3071 quodam·

375 3089 643 3140 foemineo
669 3088 834 3138 adhuc
853 3096 1050 3149 tenero,
1077 3088 1275 3154 vixque
1293 3095 1516 3151 quatuor
1539 3089 1734 3153 digitos
1752 3098 2017 3155 aequante,

378 3174 623 3224 ovarium
648 3174 853 3237 maguis
886 3188 1005 3222 cum
1031 3172 1155 3223 ovis
1184 3173 1435 3234 repletum
1466 3184 1751 3238 eorumque
1773 3175 2021 3239 quaedam
